2732 4671
561 143 589 177 ἱ

367 269 529 343 710
1122 248 1660 362 fr..t.1'vtt

380 460 511 517 no,
552 453 618 515 et
660 433 903 507 Aetolo
941 435 1299 518 Thoante,
1341 431 1911 511 eanafimacho
1960 434 2349 515 Acarnane,
2390 452 2463 504 et

380 534 917 616 Chalcidensibus
946 535 1275 618 Eubulida
1319 557 1382 609 et
1425 537 1748 621 Philone,
1797 534 2161 618 dedendis,
2199 543 2269 608 in
2314 540 2467 607 hoc

289 644 300 661 ’
381 668 647 744 quoque
692 637 962 716 foedere
1009 638 1408 741 adscriptum
1451 640 1560 712 est.
1638 661 1702 712 et
1744 661 1850 723 nt,
1918 637 2180 740 siquid
2230 642 2469 738 postea

257 746 276 757 '
387 744 574 831 addi,
642 743 862 832 demi,
928 750 1251 833 mutarive
1303 739 1671 846 placuisset,
1738 764 1808 817 ut
1846 741 1920 816 id
1957 740 2136 818 salvo
2182 738 2469 815 foedere

387 849 591 924 fieret.
925 908 938 930 ,
1143 853 1160 861 “
1602 906 1609 919 .

542 957 828 1026 XXXIX.
875 948 1126 1027 Consul
1151 954 1387 1048 juravit
1425 959 1496 1023 in
1539 956 1676 1024 hoc
1719 946 1973 1041 foedus.
2017 950 2099 1021 ab
2144 974 2301 1049 rege
2340 957 2469 1050 qui

390 1063 732 1157 exigerent
776 1056 1254 1151 jusjurandum,
1294 1052 1579 1156 profeffi
1628 1058 2084 1154 QMinucius
2110 1056 2470 1125 Thermus

395 1166 553 1234 etL.
583 1160 914 1245 ManliuS,
958 1169 1243 1262 quitum
1293 1159 1468 1234 forte
1508 1161 1587 1233 ab
1628 1155 1961 1232 Oroandis
1996 1153 2211 1228 rediit.
2263 1182 2329 1227 et
2378 1161 2515 1260 Q

393 1265 601 1340 Fabio
641 1268 972 1350 Labeoni,
1035 1272 1145 1367 qui
1195 1263 1371 1338 claffi
1412 1283 1738 1364 praeerat,
1792 1257 2072 1359 scripsit,
2131 1282 2207 1333 ut
2241 1264 2475 1333 Patara

395 1366 732 1467 extemplo
779 1364 1331 1467 proficisceretur3
1403 1393 1699 1469 quaeque
1752 1366 1840 1437 ibi
1884 1393 2081 1437 naves
2118 1370 2338 1463 regiae
2373 1360 2475 1439 e‘s·

394 1467 573 1555 sent,
640 1470 1017 1545 concideret
1060 1493 1526 1572 cremaretque.
1667 1465 2007 1543 Proseestus
2054 1469 2134 1540 ab
2173 1464 2473 1565 Epheso,

397 1580 866 1675 quinquaginta
916 1579 1112 1649 tebias
1174 1603 1365 1649 naves
1412 1595 1527 1653 'aut
1582 1570 1916 1657 concidit,
1982 1591 2090 1644 aut
2148 1569 2472 1644 incendit.

393 1676 801 1752 Telmiffum
819 1687 890 1776 q)
920 1676 1149 1754 eadem
1178 1678 1627 1780 expeditione,
1677 1684 1910 1751 territis
1939 1671 2149 1749 subito
2178 1673 2470 1749 adventu

395 1779 603 1856 'claffis
633 1810 720 1881 op
769 1780 1013 1867 idanis,
1055 1791 1328 1882 recepit-e
1417 1778 1519 1854 Ex
1547 1786 1751 1873 Lycia
1793 1776 2336 1880 protinus,.juflis
2362 1780 2463 1852 ‘ab

399 1882 667 1985 Epheso
725 1893 909 1986 equi,
956 1894 1068 1986 qui
1100 1889 1189 1968 ibi
1216 1886 1429 1958 reliffl
1474 1904 1699 1968 erant,
1725 1911 1855 1984 perr
1891 1880 2127 1957 insulas
2170 1880 2473 1955 in‘Grae-

402 1995 577 2061 eiam
621 1994 881 2081 trajecit.
1011 1992 1283 2061 Athenis
1325 2013 1567 2086 paucos
1609 2008 1903 2060 moratus
1942 1984 2116 2071 dies,
2161 1982 2324 2060 dum
2370 1990 2473 2060 Pi·

400 2116 664 2162 raeeum
689 2092 766 2163 ab
783 2082 1047 2190 Epheso
1071 2116 1267 2163 naves
1299 2096 1622 2176 venirent,
1674 2112 1884 2165 totam
1911 2088 2068 2165 inde
2098 2085 2361 2163 claffem
2394 2098 2468 2164 in

399 2192 657 2267 Italiam
696 2190 971 2275 reduxit.
1075 2200 1201 2268 Cn.
1228 2194 1526 2268 Manlius
1554 2222 1759 2296 quum
1807 2203 1977 2268 inter
2021 2214 2264 2278 cetera,
2305 2220 2469 2296 quae

405 2294 790 2398 accipienda
820 2299 898 2372 ab
931 2303 1264 2373 Antiocho
1293 2319 1507 2385 erant,
1565 2299 1943 2398 elephantos
1987 2323 2254 2400 quoque
2276 2314 2467 2372 ⁴aece-

383 2398 630 2503 'piss'et,
677 2400 991 2503 donoque
1017 2395 1302 2479 Eumeni
1331 2430 1566 2476 ornnes
1594 2400 1899 2492 dediffet3
1947 2401 2192 2475 deinde
2237 2398 2466 2475 caussas

367 2501 810 2590 eivitatium,
870 2507 1092 2580 multis
1150 2514 1319 2581 inter
1378 2533 1580 2580 novas
1634 2503 1730 2579 ies
1786 2508 2081 2592 turbatis,
2131 2514 2463 2606 cognovit.

405 2614 495 2683 Et
543 2616 910 2684 Arianthes
951 2637 1103 2694 rex,
1164 2611 1348 2710 parte
1403 2607 1678 2685 dimidia
1731 2618 2043 2712 pecuniae
2097 2617 2467 2711 imperatae,

405 2719 728 2786 Eumenis
760 2714 1119 2799 beneficiO,
1158 2720 1262 2787 cui
1297 2710 1724 2813 desponderat
1750 2742 1868 2816 per
1894 2741 2005 2787 eos
2050 2711 2191 2788 dies
2237 2715 2468 2798 filiam,

407 2813 704 2901 remiffa,
759 2823 828 2888 in
870 2825 1231 2892 amicitiam
1273 2817 1363 2891 est
1400 2839 1714 2919 aceeptus.
1816 2823 2209 2892 Civitatium
2251 2839 2468 2894 autem

410 2927 698 3018 cognitis
748 2918 1004 3012 caussis,
1062 2919 1295 2995 decem
1323 2943 1328 2954 ²
1356 2920 1553 3021 legati
1594 2921 1794 2996 aliam
1846 2923 2125 2996 aliarum
2177 2918 2471 2994 fecerunt

387 3023 887 3119 2conditionem.
1032 3028 1218 3122 Qiae
1260 3022 1725 3122 stipendiariae·
1761 3034 1899 3126 regi
1934 3031 2282 3101 Antiocho
2335 3021 2471 3100 fue·

408 3147 587 3212 rant,
633 3147 697 3198 et
741 3154 895 3198 cum
934 3128 1188 3227 populo
1230 3132 1546 3201 Romano
1594 3121 1954 3215 senserant,
2008 3136 2087 3203 iis
2127 3137 2470 3203 inmunita-

409 3245 547 3300 tem
575 3226 926 3302 dederunt:
992 3255 1159 3331 quae
1190 3238 1475 3330 partium
1522 3239 1837 3309 Antiochi
1868 3230 2201 3318 fuerant,
2227 3243 2338 3306 aut
2381 3233 2469 3308 sti·

408 3329 786 3433 pendiariae
819 3333 1015 3406 Attali
1040 3340 1246 3435 regis,
1291 3362 1394 3409 eas
1437 3361 1672 3411 omnes
1715 3339 1995 3438 vestigal
2032 3334 2330 3437 pendere
2348 3344 2469 3418 Eu·

413 3444 597 3512 meni
645 3434 969 3533 jusserunt.
1024 3446 1429 3522 nominatim
1473 3462 1792 3541 praeterea
1831 3442 2325 3541 Colophoniis,
2360 3444 2470 3543 qui

409 3547 489 3614 in
517 3547 727 3618 Notio
754 3543 1082 3630 habitant,
1121 3563 1184 3615 et
1216 3549 1567 3637 Cymaeis,
1607 3567 1673 3620 et
1713 3542 2079 3640 Mylasenis
2126 3552 2471 3619 inmunita-

411 3663 547 3719 tem
583 3642 1051 3721 concesserunt.
1151 3646 1635 3734 Clazomeniis,
1673 3645 1862 3750 super
1889 3656 2380 3732 inmunitatem,
2411 3666 2470 3719 et

365 3829 366 3836 χ
409 3747 1140 3843 Drymusam'insulam
1186 3747 1372 3824 dono
1405 3749 1756 3826 dederunt:
1801 3773 1866 3826 et
1901 3751 2251 3838 Milefiis,
2278 3778 2466 3854 quem

410 3848 667 3929 sacrum
698 3852 1047 3953 adpellant,
1074 3881 1306 3955 agrum
1335 3855 1778 3952 restituerunt:
1818 3877 1884 3931 et
1910 3855 2248 3932 Iliensibus
2264 3861 2468 3930 Rhoe-

413 3974 595 4034 teum
622 3979 688 4034 et
714 3963 1114 4060 Gergithum
1140 3956 1548 4048 addiderunt,
1584 3982 1893 4067 nontam
1921 3966 2007 4038 ob
2034 3968 2318 4037 recentia
2346 3957 2466 4030 ulla

1376 4101 1379 4102 ⁷
2223 4070 2463 4145 merite,

520 4192 598 4262 q)
640 4198 920 4261 Telmeffkm
956 4197 1121 4251 Gron.
1139 4198 1292 4252 Crev-
