2732 4671
732 267 829 313 ιι
869 264 927 312 Β.
977 252 1327 312 xxvxu·
1393 265 1511 314 cA
1551 267 1609 314 r.
1661 269 1817 316 x1v
2140 271 2278 338 155

209 451 540 532 gnamros.
582 426 838 503 medias
868 436 1035 504 acies
1062 430 1450 504 Romanum
1482 435 1962 534 Poenumque-s
1989 463 2150 536 quos
2177 449 2276 514 in-

211 562 307 608 ter
349 536 509 608 belh
551 532 763 608 caussa
802 530 989 620 effet,
1035 544 1171 634 pati
1209 538 1450 608 robore
1488 544 1868 610 animorum
1912 566 2276 616 armorum-

213 668 339 740 que
367 636 823 712 concursuros,
925 644 1143 738 Scipio
1171 642 1277 712 ubi
1308 644 1468 714 haec
1486 642 1800 712 obstinate
1820 641 2054 718 credita
2070 656 2276 724 anim-

209 744 525 828 advertit,
565 750 797 816 omnia
825 740 905 814 de
933 740 1245 816 industria
1275 752 1350 816 in
1394 774 1548 816 eum
1596 744 1814 832 diem,
1860 774 1992 846 quo
2034 778 2278 850 pugna-

213 872 393 920 turus
421 868 594 930 erat,
635 854 919 918 mutavit.
1023 844 1368 920 Tefferam
1404 846 1650 948 vesperi
1678 878 1794 948 per
1844 852 2038 923 castra
2080 854 2274 942 dedit..

209 974 281 1022 ut
315 972 471 1022 ante
503 952 715 1022 lucem
743 958 867 1022 viri
901 958 1178 1052 equique
1203 960 1405 1024 curati
1436 974 1498 1024 et
1540 952 1752 1052 pransi
1798 948 2028 1028 effent:
2076 986 2280 1032 arma-

213 1078 313 1126 tus
351 1082 549 1154 eques
571 1050 853 1126 frenatos
897 1052 1322 1156 instratosque
1370 1078 1614 1128 teneret
1654 1086 1872 1156 equos.
1982 1060 2280 1136 Vixdum

209 1158 367 1230 fatis
395 1178 561 1229 certa
587 1158 765 1240 luce,
807 1166 1169 1258 equitatum
1195 1186 1472 1242 omnem
1508 1190 1662 1234 cum
1690 1162 1824 1234 levi
1858 1186 2176 1240 armatura
2202 1174 2278 1240 in

207 1264 519 1334 stationes
549 1266 819 1334 Punicas
853 1260 1133 1334 inmifit:
1179 1262 1334 1334 inde
1366 1262 1712 1338 confestim
1740 1264 1874 1364 ipse
1908 1297 2061 1340 cum
2090 1278 2280 1370 gravi

207 1374 477 1466 agmine
517 1364 865 1464 legionum
903 1366 1235 1464 procedit,
1281 1390 1530 1468 praeter
1574 1378 1966 1466 opinionem
2008 1370 2280 1448 destina-

211 1492 339 1542 tam
385 1466 666 1542 suorum
707 1470 1157 1570 hostiumque,
1197 1476 1510 1546 Romano
1560 1476 1772 1546 milite
1816 1480 2122 1550 cornibus
2170 1482 2280 1565 firs-

211 1580 435 1656 matis,
503 1570 699 1644 sociis
743 1584 817 1644 in
869 1572 1159 1646 mediam
1201 1584 1418 1648 aciem
1458 1584 1750 1676 acceptis,
1882 1578 2276 1668 Hasdrubal,

213 1682 505 1748 clamore
541 1684 840 1776 equitum
887 1688 1225 1762 excitatus.,
1263 1702 1334 1752 ut
1378 1710 1458 1752 ex
1502 1684 1920 1755 tabernaculo
1960 1686 2280 1783 prosiluit,

145 1845 149 1850 .
215 1782 705 1880 tumultumque
731 1802 877 1852 ante
911 1782 1155 1852 vallum
1201 1804 1261 1854 et
1308 1782 1812 1884 trepidationem
1858 1784 2162 1874 suorum,
2212 1812 2280 1864 et

211 1886 441 1984 procul
469 1882 651 1984 signa
677 1886 1021 1982 legionum
1043 1884 1384 1984 fulgentia,
1416 1888 1768 1992 plenosque
1796 1892 2082 1964 hostium
2104 1922 2278 1968 cam-

209 2016 325 2086 pos
359 1986 563 2072 vidia
613 1996 967 2090 equitatum
995 2018 1273 2062 omnem
1314 2016 1528 2064 extem
1578 1994 1646 2066 lo
1692 2002 1762 2066 in
1808 2004 2048 2094 equites
2090 2008 2279 2070 emit-

211 2100 303 2164 tit.
349 2090 488 2190 ipse
531 2122 689 2164 cum
727 2090 1021 2192 peditum
1067 2104 1330 2194 agmine
1374 2096 1500 2170 cast
1630 2096 1978 2198 egreditur:
2024 2130 2146 2174 nec
2190 2128 2276 2176 ex

211 2192 453 2266 ordine
495 2192 689 2270 solito
735 2196 1091 2298 quidquam
1129 2208 1266 2270 acie
1312 2200 1682 2274 instruenda
1724 2222 1946 2274 mutat.
2076 2212 2278 2306 Equi-

215 2320 355 2370 tum
383 2308 515 2393 jam
547 2298 659 2372 diu
691 2330 923 2402 anceps
957 2330 1175 2402 pugna
1205 2324 1366 2374 erat:
1416 2330 1540 2376 nec
1572 2302 1704 2402 ipsa
1744 2332 1860 2402 per
1902 2304 1962 2376 se
2006 2304 2278 2380 decerni

211 2424 505 2501 poterat,
579 2413 727 2507 quia
783 2406 977 2507 pulsis
1037 2404 1255 2507 (quod
1314 2433 1522 2505 prope
1566 2417 1638 2477 in
1674 2415 1892 2479 vicem
1926 2408 2154 2505 fiebat)
2204 2419 2278 2485 in.

211 2515 435 2579 aciem
477 2507 767 2605 peditum
811 2533 979 2581 tutus
1027 2533 1314 2609 receptus
1358 2533 1506 2581 erat.
1600 2507 1714 2581 sed
1758 2511 1868 2583 ubi
1922 2521 2052 2607 jam
2100 2513 2280 2585 haud

209 2613 361 2709 plus
395 2621 783 2713 quingentos
811 2613 1015 2713 palsus
1043 2623 1207 2685 acies
1236 2623 1400 2687 inter
1436 2611 1566 2685 sese
1606 2617 1908 2697 aberant,
1954 2615 2144 2713 figno
2182 2645 2278 2689 re-

211 2723 429 2815 ceptui
461 2715 645 2803 dato,
695 2723 957 2817 Scipio,
1005 2715 1464 2817 patefadiisque
1494 2715 1866 2801 ordinibus.J
1912 2729 2278 2821 equitatum

213 2847 485 2893 omnem
519 2823 871 2923 levemque
903 2845 1287 2895 armaturam
1310 2879 1330 2903 .,
1372 2831 1446 2893 in
1480 2819 1776 2893 medium
1810 2847 2140 2921 acceptam
2184 2823 2282 2897 di-

211 2921 541 3025 visamque
573 2935 647 2997 in
691 2947 895 3023 partes
937 2925 1121 3011 dua8‚
1167 2935 1239 3001 in
1279 2923 1564 2997 subsidiis
1610 2927 1756 3025 post
1800 2955 2042 3001 cornu-a
2086 2931 2276 3001 locat.

207 3027 403 3113 Inde‚
453 3031 571 3101 ubi
599 3027 1009 3127 incipiendae
1057 3039 1187 3125 jam
1227 3057 1488 3127 pugnae
1530 3051 1786 3129 tempus
1832 3054 1994 3117 erat,
2046 3031 2278 3133 Hispa-

213 3159 327 3203 nos
373 3135 493 3221 (ea
543 3131 765 3205 media
811 3141 979 3206 acies
1023 3131 1183 3227 fuit)
1227 3131 1436 3233 presso
1484 3131 1688 3231 gradu
1736 3135 2038 3207 incedere
2083 3141 2276 3231 iubet.

211 3233 343 3333 ipse
369 3265 407 3309 e
441 3235 681 3307 dextro
713 3263 917 3309 cornu
949 3239 1079 3325 (ibi
1123 3265 1404 3337 namque
1446 3247 1768 3335 praeerat)
1818 3247 2136 3311 nuncium
2190 3239 2276 3311 ad

213 3341 513 3413 Silanum
545 3363 607 3411 et
621 3345 953 3414 Marcium
983 3349 1201 3423 mittit,
1243 3363 1312 3413 ut
1342 3369 1548 3411 cornu
1578 3337 1998 3413 extenderent
2028 3351 2100 3413 in
2126 3341 2276 3413 smi-

209 3445 331 3515 ssra
365 3467 579 3541 parte,
633 3443 1199 3547 quemadmodum
1237 3443 1295 3515 se
1338 3443 1710 3517 tendentem
1754 3473 1788 3513 a
1830 3443 2046 3515 dextra
2084 3441 2276 3517 vidis-

205 3545 387 3617 sent:
455 3569 517 3619 et
561 3577 713 3621 cum
759 3547 1075 3647 expeditis
1115 3547 1414 3645 peditum
1468 3555 1894 3651 equitumque
1940 3555 2116 3645 prius
2162 3575 2278 3645 pu-

209 3677 421 3749 gnam
461 3649 869 3725 consererent
909 3683 1063 3727 cum
1103 3653 1326 3735 hoste,
1370 3681 1566 3751 quam
1618 3659 1794 3723 coire
1836 3659 2000 3723 inter
2037 3649 2098 3723 se
2142 3679 2278 3725 me-

213 3753 367 3825 diae
386 3761 551 3825 acies
573 3753 841 3853 poffent.
947 3763 1038 3829 Ita
1067 3753 1342 3829 diductis
1372 3757 1686 3827 cornibus*>
1744 3783 1896 3829 cum
1940 3763 2134 3827 ternis
2168 3784 2280 3853 pe-

209 3857 429 3930 ditum
457 3863 871 3945 cohortibu3‚
913 3859 1235 3961 ternisque
1269 3867 1564 3961 equitum
1596 3869 1858 3944 turmis.,
1904 3860 1984 3931 ad
2012 3865 2148 3929 hoc
2170 3881 2278 3931 ve-

209 3963 463 4047 litibUS‚
517 3969 711 4037 citato
745 3961 951 4063 gradu
979 3973 1051 4035 in
1077 3965 1334 4037 hostem
1370 3961 1718 4047 ducebant,
1768 3961 2170 4061 sequentibus
2200 3967 2276 4035 in

213 4069 565 4169 obliquum
597 4069 759 4143 aliis.
863 4073 1051 4145 Sinus
1077 4077 1155 4145 in
1199 4065 1428 4143 medio
1472 4087 1636 4155 erat,
1684 4075 1834 4171 quia
1868 4063 2122 4245 segniius
2154 4069 2306 4139 Hi·-

2074 4195 2276 4273 ΡΒΠΕΡ

1768 4523 1924 4563 Diqiiized
1941 4478 2314 4587 WGOOgiC
