2732 4671
402 231 560 366 ²435
812 363 857 376 γ’
1149 288 1224 341 τ.
1324 271 1725 370 ’τιγιι

345 486 353 498 ·
405 482 639 537 tratam
663 482 775 532 eos
798 453 1202 542 libertatem,
1244 481 1388 542 non
1415 480 1532 558 per
1557 453 1971 544 occasionem
2013 473 2266 557 raptam
2283 510 2306 541 .,
2350 459 2470 529 ha*

408 568 581 641 bere.
612 579 617 586 ’
681 558 1000 636 Adversus
1032 587 1191 663 quae
1222 556 1732 661 respondebant,
1765 564 1986 636 Nihil
2027 586 2231 659 neque
2261 565 2467 649 mira-

366 731 369 732 .
406 675 513 755 ri,
548 663 1117 766 noquesucccnfire
1142 663 1538 738 Antiochum
1564 669 1819 751 debere,
1840 663 2102 767 stspcm
2130 668 2465 737 libertatis

411 773 674 870 differri
721 767 1046 865 nonsatis
1076 773 1270 866 aequo
1305 775 1518 841 animo
1541 784 1948 862 paterentur.
2096 764 2238 867 Ipse
2262 773 2468 839 initio

408 882 617 961 veris,
675 875 942 947 navibus
985 873 1063 945 ab
1104 868 1364 973 Epheso
1396 861 1763 972 Ρτὸἷεᾶιιε,
1814 859 2326 971 Hellespontum
2351 897 2473 970 pes-

408 987 522 1053 tit:
582 976 899 1051 terrestres
943 982 1168 1077 copias
1207 972 1568 1069 Madytum
1609 982 1882 1071 trajicit,
1938 971 2327 1048 Chersonesi
2354 1000 2464 1046 ur·

407 1085 600 1158 bem:
642 1079 922 1154 terrestri
963 1079 1265 1156 navalem
1298 1086 1658 1153 exercitum
1680 1087 1909 1177 junxit.
1965 1099 2068 1164 et,
2109 1077 2466 1180 quiaclau-

407 1183 623 1261 serant
652 1201 904 1285 portas,
955 1180 1391 1257 circumdedit
1419 1191 1688 1258 moenia
1714 1189 2006 1268 armatis,
2049 1190 2273 1279 et'jam
2304 1207 2464 1279 ope·

310 1343 314 1358 2
408 1318 483 1363 ra
522 1287 939 1373 admoventi,
1002 1284 1246 1362 deditio
1291 1287 1383 1361 est
1406 1283 1608 1361 facia:
1650 1285 1831 1362 idem
1868 1305 2077 1359 metus
2105 1281 2252 1360 nini
2278 1291 2466 1359 inco-

407 1393 613 1468 lentes
639 1392 794 1465 alias
820 1388 1208 1465 Chersonefi
1244 1393 1432 1465 urbes
1457 1397 1530 1463 in
1555 1387 1959 1464 deditionem
1989 1386 2187 1462 dedit.
2283 1384 2468 1482 Lyfi-

411 1499 749 1598 machiam
789 1492 948 1567 inde
989 1497 1296 1569 omnibus
1335 1493 1536 1568 fimul
1567 1493 1896 1568 navalibus
1927 1488 2461 1595 terrestribusque

368 1629 377 1660 ι
413 1605 628 1702 copiis
660 1605 857 1670 venit.
905 1626 1102 1701 quam
1136 1627 1343 1701 quum
1375 1595 1690 1671 desertam
1717 1627 1792 1671 ac
1821 1598 2076 1671 stratam
2099 1607 2313 1700 prope
2337 1601 2466 1689 rui-

410 1710 512 1778 nis
554 1697 928 1789 invenisset,
981 1704 1322 1803 (ceperant
1360 1724 1615 1788 autem,
1672 1700 2120 1802 direptamque
2156 1695 2469 1800 incende-

412 1828 560 1883 rant
582 1810 882 1881 Thraces
909 1815 1128 1908 paucis
1158 1827 1304 1892 ante
1338 1813 1567 1901 annis)
1611 1804 1854 1906 cupido
1885 1834 2042 1878 eum
2080 1800 2467 1891 restituendi

411 1911 717 1987 nobilem
742 1912 1008 1995 urbem,
1050 1930 1112 1982 et
1138 1910 1303 1983 loco
1334 1906 1521 1981 fitam
1553 1929 1962 2010 opportun0‚
2020 1913 2198 2010 cepit.
2339 1911 2466 1978 Ita-

464 2041 541 2087 ue
570 2020 759 2086 omni
784 2040 934 2086 cura
959 2009 1159 2086 fimul
1188 2012 1277 2085 est
1302 2008 1624 2114 adgressus
1655 2032 1716 2086 et
1741 2015 1906 2085 tedia
1923 2067 1943 2098 ,
1988 2006 2466 2112 ωιιτοΐφίοτο-

411 2042 711 2204 Ritucre,
769 2135 831 2188 et
866 2123 1106 2215 partim
1146 2113 1470 2190 redimere
1511 2112 1853 2190 servientes
1881 2107 2465 2209 Lysimachien‘soe,

411 2227 655 2323 partim
694 2215 1131 2319 fuga'sparsos
1161 2248 1279 2320 per
1304 2215 1827 2319 Hellespontum
1855 2214 2336 2293 Chersonesum
2382 2242 2467 2291 ue

286 2353 297 2363 ⁸
412 2331 806 2426 conquirere
848 2329 1399 2424 contrahereque:
1461 2325 1712 2422 partim'
1740 2350 1951 2396 novos
1992 2322 2314 2407 colonOS,
2340 2246 2467 2423 spe

412 2424 936 2525 commodorum
966 2424 1332 2528 proposita,
1374 2424 1751 2513 adscribere,
1799 2447 1863 2499 et
1894 2432 2086 2500 omni
2115 2423 2331 2500 modo
2347 2422 2466 2498 fre-

414 2553 743 2635 quentare.
809 2527 1000 2604 slmul
1039 2552 1108 2604 ut
1146 2536 1498 2605 Thracum
1524 2528 2015 2604 submoveretur
2042 2550 2289 2615 metm,
2328 2525 2462 2629 ipse

409 2657 590 2738 parte
649 2631 922 2707 dimidia
978 2634 1377 2707 terrestrium
1425 2641 1764 2735 copiarum
1801 2631 1884 2707 ad
1924 2630 2466 2735 depopulandum

408 2745 721 2840 proxima
750 2741 1078 2810 Thraciae
1117 2736 1207 2809 est
1235 2733 1605 2839 profetstus:
1647 2757 1902 2837 partem
1946 2733 2333 2840 navalesque
2362 2731 2462 2809 so-

412 2850 549 2918 cios
582 2867 816 2913 omnes
845 2841 1108 2940 reliquit
1132 2848 1209 2916 in
1234 2843 1538 2941 operibus
1559 2838 1951 2915 reficiendae
1985 2844 2184 2915 urbiS.
2361 2914 2366 2919 ,

298 3028 307 3049 Ι
550 2947 834 3017 XXXIX.
875 2945 1004 3014 Sub
1032 2947 1167 3015 hoc
1190 2963 1446 3043 tempus
1473 2966 1536 3017 et
1561 2950 1634 3018 L.
1663 2953 1737 3042 ¹⁸)
1789 2946 2172 3032 Cornelius,
2241 2936 2470 3018 msss‘us

288 3062 289 3067 ’
411 3047 492 3119 ab
533 3042 753 3118 senatu
796 3042 880 3118 ad
919 3043 1289 3121 dirimenda
1330 3055 1504 3121 inter
1544 3054 1956 3122 Antiochum
1981 3044 2468 3125 Ptolemaeum·

414 3176 541 3249 que
586 3175 766 3248 reges
811 3156 1201 3236 certamina,
1255 3152 1665 3245 Selymbriae
1686 3149 1984 3226 substitit:
2024 3176 2087 3226 et
2118 3150 2353 3226 decem
2377 3150 2470 3224 le-

408 3273 718 3352 gatorum
747 3256 813 3324 1².
838 3254 1145 3327 Lentulus
1170 3283 1207 3326 a
1234 3257 1591 3354 Bargyliis,
1636 3261 1703 3329 1².
1736 3257 1977 3332 Villius
2005 3279 2069 3330 et
2095 3261 2166 3331 L.
2208 3260 2467 3331 Teren·

406 3363 535 3429 tius
576 3384 612 3427 a
656 3354 947 3442 Thassb,
998 3356 1483 3451 Lysimachiam
1521 3367 1868 3460 petierunt.
1919 3359 2158 3434 eodem
2202 3382 2267 3434 et
2294 3389 2331 3432 a
2359 3364 2469 3432 Se-

402 3459 699 3554 lymbria
740 3465 810 3532 L.
856 3462 1244 3551 Cornelius,
1311 3483 1375 3535 et
1420 3491 1500 3535 ex
1542 3467 1835 3539 Thracia
1871 3465 2020 3564 post
2057 3491 2300 3567 paucos
2332 3461 2478 3535 diet

403 3569 774 3639 Antiochus
823 3585 1292 3640 convenerunt.
1409 3572 1664 3642 Primus
1709 3566 2082 3668 congressus
2111 3598 2264 3643 cum
2292 3569 2466 3669 lega·

402 3674 518 3753 tis,
564 3689 627 3740 et
654 3666 963 3769 deinceps
993 3677 1287 3744 invitatio
1318 3672 1606 3772 benigna
1636 3693 1701 3745 et
1724 3670 2061 3773 hospitalis
2089 3670 2237 3747 fuit.
2277 3691 2351 3744 ut
2376 3669 2464 3743 de

403 3768 727 3845 mandatis
759 3771 914 3844 statu
963 3800 1043 3846 ue
1070 3771 1391 3874 praesenti
1432 3773 1621 3849 Afiae
1647 3783 1751 3876 agi
1784 3800 2097 3877 coeptum
2136 3776 2265 3862 est,
2325 3780 2461 3846 ani-

399 3882 503 3989 mi
532 3871 881 3976 exasperati
940 3899 1074 3967 unt.
1175 3882 1506 3969 Romani,
1554 3887 1785 3955 omnia
1812 3884 1953 3957 adia
1981 3890 2154 3979 ejuS,
2191 3905 2278 3956 ex
2320 3902 2458 3980 quo

2287 4002 2456 4056 Cem-
2490 4042 2494 4050 .

449 4145 537 4220 1)
575 4150 630 4208 C.
664 4148 834 4205 Gron-
