2732 4671
947 248 1282 306 maxx.
1386 254 1734 308 cnr-u
2191 244 2348 325 847

294 418 573 499 habebat
602 423 728 503 ibi,
775 411 1225 523 privatamque
1247 418 1544 519 publicae
1573 423 1662 493 rei
1689 414 2027 518 inpensam
2053 414 2353 519 inposue-

293 548 411 601 rat.
515 527 889 596 Theatrum
920 544 982 595 et
1012 522 1434 624 proscenium
1461 521 1542 597 ad
1569 524 1935 624 Apollinis,
1971 522 2202 596 aedem
2244 528 2352 611 Jo-

291 638 391 704 vis
416 636 490 703 in
517 626 889 727 Capitolio,
929 624 1400 729 columnasque
1433 634 1600 700 circa
1630 623 1973 727 poliendas
1999 628 2151 699 albo
2178 629 2351 701 loca-

280 740 429 808 'vitt
474 752 537 804 et
575 735 653 823 ab
690 736 793 804 his
839 731 1211 817 columnis,
1248 759 1413 833 quae
1458 730 1893 804 incommode
1919 727 2214 830 obposita
2255 737 2347 803 vi·

293 834 647 919 debantur.‚
708 834 889 934 signa
930 843 1211 908 amovit:
1283 835 1622 936 clipeaque
1688 833 1771 906 de
1853 834 2222 919 columniS,
2285 854 2349 907 et

278 938 476 1039 ‘figna
522 940 827 1011 militaria
879 937 1093 1012 adfixa
1132 947 1354 1013 omnis
1385 945 1643 1039 generis
1673 935 1924 1011 demfit.
2070 942 2174 1013 M.
2204 936 2348 1010 Ful·

290 1050 436 1117 vius
462 1043 648 1143 plura
676 1064 738 1114 et
765 1050 1028 1139 majoris
1056 1044 1300 1118 locavit
1332 1042 1512 1115 usus:
1555 1062 1828 1142 portum
1870 1066 1935 1114 et
1981 1042 2144 1140 pilas
2183 1067 2348 1141 pon-

291 1154 376 1220 tis
416 1154 489 1218 in
529 1149 886 1234 Tiberim3
927 1147 1157 1248 quibus
1198 1148 1349 1246 pilis
1375 1143 1663 1221 fornices
1697 1145 1841 1247 post
1863 1146 2112 1244 aliquot
2137 1171 2348 1219 annos

278 1255 363 1324 1³.
396 1255 619 1350 Scipio
650 1244 997 1323 Africanus
1024 1270 1086 1322 et
1113 1255 1183 1324 L.
1211 1256 1595 1324 Mummius
1634 1247 1929 1323 censores
1963 1249 2349 1324 locaverunt

296 1359 374 1427 in
423 1350 739 1427 onendos.
801 1351 1133 1429 bafilicam
1176 1353 1321 1453 post
1360 1360 1746 1454 argentarias
1786 1378 1992 1427 novas
2031 1374 2091 1426 et
2118 1349 2350 1427 forum

272 1381 750 1558 'pilpcatorium
787 1456 1210 1532 'circumdatis
1240 1460 1552 1543 tabernis,
1592 1485 1746 1560 quas
1778 1453 2076 1533 vendidit
2103 1464 2175 1529 in
2218 1463 2346 1557 pri·
2389 1550 2394 1557 ⁹

287 1581 552 1648 vatum3
609 1581 670 1633 et
713 1557 1002 1648 forum.,-
1041 1576 1107 1636 et
1131 1569 1467 1662 porticum
1498 1581 1671 1635 extra
1711 1580 1978 1661 portam
2004 1564 2348 1660 Trigemi-

291 1691 489 1749 nam,
549 1686 617 1736 et·
652 1664 850 1738 aliam
878 1664 1039 1766 'p'ost
1090 1666 1378 1750 navalia,
1412 1686 1475 1739 et
1501 1662 1583 1739 ad
1624 1660 1856 1739 fanum
1891 1666 2237 1749 Herculis,
2284 1682 2352 1738 et

166 1810 173 1827 κ
272 1768 440 1869 'post
471 1771 627 1864 Spei
655 1766 737 1839 ad
761 1771 1072 1842 Tiberim
1098 1767 1330 1841 aedem
1361 1768 1691 1869 Apollinis
1707 1765 1980 1843 Medici.
2084 1769 2355 1842 Habue-
2403 1776 2422 1801 '⁸

289 1898 365 1943 re
400 1893 463 1944 et
508 1878 581 1942 in
625 1869 1009 1971 promiscuo
1051 1892 1373 1973 praeterea
1412 1879 1780 1972 pecuniam.
1828 1899 1907 1943 ex
1944 1899 2018 1944 ea
2047 1899 2350 1946 commu-

270 1982 465 2048 ‘niter
500 1973 798 2048 locarunt
836 2003 1073 2077 aquam
1111 1973 1603 2059 adducendam,
1665 1972 2084 2075 fornicesque
2109 1972 2349 2049 facien-

202 2078 209 2091 '
292 2076 433 2150 dos
534 2076 997 2175 Inpedimento
1036 2087 1222 2176 operi
1268 2075 1390 2151 fuit
1417 2084 1518 2154 M.
1561 2084 1851 2154 Licinius
1890 2074 2178 2167 Crass'us,
2229 2086 2350 2182 qui.

292 2204 412 2281 per
440 2174 727 2251 fundum
750 2177 937 2252 suum
968 2179 1125 2255 duci
1152 2206 1287 2254 non
1322 2182 1415 2253 est
1432 2179 1653 2282 passus,
1753 2188 2056 2257 Portoria
2081 2210 2347 2285 quoque

297 2301 363 2358 et
391 2274 727 2383 vectigalia
768 2281 973 2358 iidem
1015 2285 1221 2377 multa
1270 2283 1693 2362 instituerunt.
1738 2288 2082 2386 complura
2109 2286 2343 2362 sacella

274 2387 576 2488 publica,
604 2414 764 2488 quae
806 2384 1064 2463 fuerant
1093 2396 1166 2484 ⁰)
1213 2411 1524 2490 occupata
1554 2419 1591 2462 a
1617 2397 1920 2489 privatis,
1968 2391 2228 2490 publica
2254 2388 2343 2464 sa·
2431 2458 2467 2481 .,

294 2517 530 2591 eraque
556 2514 626 2564 ut
651 2487 850 2565 effent
880 2493 989 2591 Ρ),
1029 2514 1445 2595 paterentque
1472 2493 1764 2593 popu10,
1813 2515 2134 2568 curarunt.
2188 2500 2354 2569 Mu<
2445 2487 2468 2508 “

289 2614 506 2668 tarunt
550 2589 891 2698 suffragiaz·
944 2604 1472 2698 regionatimque
1542 2600 1884 2696 generibus
1959 2603 2350 2685 hominum,

292 2695 682 2799 εαυίῙῖΓιμιο,
733 2722 797 2773 et
825 2701 1217 2806 quaestibus,
1265 2703 1467 2775 tribus
1496 2695 1979 2800 descripserunt.
2109 2789 2110 2792 Ἴ
2307 2753 2312 2758 -
2383 2741 2390 2750 ·

449 2807 596 2883 LII„
629 2809 714 2875 Et
743 2804 899 2876 alter
935 2832 1015 2877 ex
1043 2802 1409 2877 censoribus
1438 2808 1538 2878 M.
1563 2803 1889 2890 Aemilius
1919 2811 2102 2904 petiit
2129 2806 2209 2877 ab
2251 2799 2361 2879 sev

294 2924 448 2977 natu
465 2959 486 2991 ‚
523 2929 597 2981 ut
623 2904 739 2980 fibi
770 2905 1193 2982 dedicat-ionis
1222 2908 1630 3008 templorum
1657 2911 1950 3008 Reginae
1978 2913 2248 2998 junonis
2276 2927 2344 2981 et
2433 2899 2434 2906 ἵ

260 3009 586 3104 VDianae,
647 3038 812 3114 quae
848 3012 1024 3085 bello
1066 3013 1409 3113 Ligustino
1449 3032 1598 3085 ante
1644 3019 1828 3084 annis
1871 3015 2027 3085 οέὶο
2055 3007 2345 3099 νονίίίὶτ,

266 3117 568 3212 ’pecunia
598 3112 678 3187 ad
708 3114 901 3189 ludos
924 3110 1400 3191 decerneretur.
1501 3121 1754 3216 Viginti
1785 3116 1998 3190 millia
2040 3121 2199 3189 aeris
2234 3099 2343 3209 de·

295 3238 651 3290 creverunt.
697 3218 1019 3294 dedicavit
1048 3247 1150 3293 eas
1177 3217 1384 3304 aedes»,
1425 3240 1766 3319 utramque
1794 3228 1866 3292 in
1892 3227 2071 3293 circo
2100 3220 2342 3292 Flami·

290 3324 431 3392 nio,
469 3318 788 3424 ludosque
802 3320 1091 3399 scenicos
1118 3321 1411 3396 triduum
1437 3321 1583 3426 post
1596 3319 2074 3398 dedicationem
2107 3322 2343 3422 templi
2401 3348 2408 3352 ·

290 3417 602 3512 junonis,
641 3425 920 3499 biduum
948 3425 1096 3526 post
1122 3431 1371 3500 Dianae
1393 3481 1415 3512 ,
1461 3448 1523 3498 et
1576 3422 1866 3526 fingulos
1897 3424 2031 3499 dies
2054 3422 2229 3506 fecit
2265 3434 2342 3501 in

292 3529 492 3600 circo.
643 3527 831 3605 Idem
870 3528 1189 3603 dedicavit
1215 3526 1448 3604 aedem
1479 3533 1744 3603 Larium
1769 3535 2223 3624 Permarinum
2264 3536 2343 3605 in
2393 3625 2396 3628 A

292 3631 578 3733 Campo.
636 3654 905 3708 voverat
944 3661 1093 3709 eam
1137 3640 1323 3707 annis
1363 3630 1678 3707 undecim
1721 3654 1866 3706 ante
1905 3640 1974 3707 L.
2016 3633 2341 3707 Aemilius

262 3735 629 3834 Reginus,
665 3738 887 3812 navali
907 3737 1170 3838 proelio
1197 3731 1496 3811 adversus
1521 3734 1885 3838 praefectos
1911 3728 2076 3836 regis
2108 3743 2341 3810 Antio-

279 3840 421 3914 chi.
518 3842 724 3940 Supra
753 3842 966 3917 valvas
994 3842 1232 3945 templi
1256 3841 1470 3916 tabula
1495 3847 1650 3915 cum
1677 3841 1864 3915 titulo
1892 3846 2028 3916 hoc
2057 3841 2184 3913 fixa
2213 3840 2341 3913 est:

542 3955 545 3962 '
900 3963 903 3966 ·
982 3975 987 3982 ·
1162 3981 1170 3987 ·
2132 3946 2336 4019 Duel-

358 4066 433 4141 ο)
461 4072 661 4139 fueram
689 4073 795 4131 del.
824 4075 977 4132 Gna.
1351 4053 1428 4149 p)
1455 4029 1655 4144 pellica
1679 4075 1843 4147 ναίω
1864 4088 1920 4134 ut
1947 4077 2092 4146 :Im
2120 4049 2280 4140 cxcv-f

1232 4269 1291 4300 s

1256 4363 1341 4456 ι’*
