2732 4671
434 265 582 333 412
1192 241 1719 321 triv-11

411 432 707 531 fecistis:
772 458 933 533 quae
953 435 1027 535 st
1056 451 1383 519 maneret,
1428 450 1772 529 captarum
1813 450 2032 511 tamen
2068 440 2324 511 urbium
2369 442 2495 515 illa

429 539 767 634 lcxforet.
920 541 990 611 T
983 537 1276 636 heffaliae
1319 545 1614 613 civitates
1638 539 1773 636 sua
1812 546 2148 616 voluntate
2189 549 2262 617 in
2304 548 2498 617 ditio·

423 667 568 714 mm
600 640 889 736 nostram
915 656 1256 715 venerunt.
1357 648 1583 728 Haec,
1626 671 1782 718 cum
1814 647 2125 719 omnium
2151 642 2510 722 sociorum

427 741 696 818 adsensu
744 743 956 831 dicta,
1028 747 1279 820 Aetolis
1322 774 1464 820 non
1503 755 1577 821 in
1612 745 1972 848 praesentia
2005 746 2224 824 modo
2267 759 2493 852 gravia

426 846 682 933 auditu,
722 846 835 923 sed
863 869 1025 922 mox
1068 849 1227 923 belli
1272 858 1469 925 etiam
1514 848 1792 938 caussae,
1838 867 2361 956 magnarumque
2407 883 2492 930 ex

423 980 509 1026 eo
559 951 885 1040 cladium,
933 960 1009 1026 iis
1050 950 1336 1028 fuerunt.
1441 960 1618 1029 Cum
1661 957 1973 1058 Philippo
2020 964 2106 1031 ita
2152 965 2490 1047 convenit,
2565 1029 2570 1036 ,

419 1078 493 1130 ut
516 1059 938 1144 Demetrium
965 1057 1189 1131 filium
1217 1078 1280 1132 et
1311 1057 1632 1162 quosdam
1660 1088 1742 1135 ex
1780 1069 2158 1144 amicorum
2198 1089 2494 1137 numero

424 1158 711 1249 obfides,
757 1183 820 1234 et
851 1159 1126 1235 ducenta
1157 1163 1388 1236 talenta
1419 1160 1628 1264 daret:
1663 1163 1746 1242 de
1779 1172 2006 1252 ceteris
2024 1169 2320 1240 Romam
2336 1175 2506 1256 μήτέ

415 1286 578 1338 teret
600 1265 871 1365 legatos,
922 1264 1004 1338 ad
1034 1294 1184 1340 eam
1214 1294 1358 1340 rem
1392 1290 1666 1369 quatuor
1692 1268 2021 1343 menfium
2046 1266 2356 1344 induciae
2398 1268 2484 1344 el:

360 1369 365 1376 ’
414 1367 571 1446 sent.
675 1375 742 1444 Si
772 1397 897 1469 pax
930 1398 1071 1445 non
1109 1378 1425 1470 inpetrata
1471 1376 1550 1446 ab
1584 1370 1798 1446 senatu
1831 1370 2040 1458 foret,
2091 1371 2350 1446 obfide&
2373 1403 2486 1475 pe·

414 1479 809 1574 cuniamque
839 1471 1021 1547 reddi
1048 1476 1360 1575 Philippo
1391 1497 1725 1577 receptum
1761 1477 1869 1551 est.
1970 1473 2198 1572 Caussa
2233 1482 2483 1552 Roma·

412 1604 508 1651 no
538 1584 923 1675 imperatori
963 1603 1105 1651 non
1140 1579 1267 1650 alia
1307 1589 1520 1672 major
1559 1576 1746 1653 fuiffe
1791 1580 2025 1655 dicitur
2059 1587 2236 1681 pacis
2275 1602 2480 1657 matu·

409 1677 686 1766 undae,
726 1708 925 1783 quam
952 1680 1133 1783 quod
1159 1689 1576 1758 Antiochum
1616 1685 1869 1760 bellum
1906 1682 2480 1788 tranfimmquein

409 1788 753 1883 Europam
786 1786 1013 1858 moliri
1039 1785 1389 1859 constabat.

414 1911 415 1916 ’
556 1894 729 1962 XIV.
772 1887 1038 1968 Eodem
1075 1911 1411 1988 tempore,
1453 1910 1677 1990 atque,
1719 1909 1792 1962 ut
1820 1888 2092 1992 quidam
2132 1888 2477 1980 tradidere.

392 1989 651 2080 ¹eodem
709 1989 818 2064 die
879 1990 959 2065 ad
1001 1997 1404 2065 Corinthum
1447 1999 1724 2067 Achaei·
1755 1992 1995 2069 ducem
2035 2002 2298 2096 regium
2343 2002 2482 2070 An—

406 2092 828 2168 drosthenem
856 2095 1021 2193 justo
1049 2093 1657 2197 proeliofuderunt.
1758 2104 1924 2171 Eam
1950 2101 2184 2172 urbem
2227 2125 2357 2200 pro
2381 2128 2474 2175 ar·

396 2225 482 2286 „ce
536 2202 870 2274 habiturus
921 2201 1265 2301 Philippus
1316 2198 1614 2275 adversus
1668 2206 1979 2276 Graeciae
2023 2210 2349 2290 civitateS,
2405 2222 2471 2277 et

400 2310 735 2410 principes
764 2302 920 2378 inde
949 2325 1256 2379 evocatos
1284 2330 1404 2405 per
1432 2303 1718 2407 speciem
1745 2307 1946 2381 conlo
1995 2304 2220 2395 uendi,
2275 2335 2475 2412 quan-
2523 2370 2528 2383 ,

402 2404 547 2482 tum
569 2417 861 2511 equitum
891 2406 1041 2482 dare
1068 2414 1404 2484 Corinthii
1429 2410 1510 2484 ad
1554 2412 1802 2485 bellum
1846 2334 2133 2511 pollent,
2183 2420 2469 2489 retinue-

398 2533 494 2599 rat
536 2541 661 2613 pro
706 2510 1071 2598 obsidibus,
1145 2533 1240 2598 et,
1307 2537 1561 2613 praeter
1611 2514 2004 2616 quingentos
2057 2515 2475 2593 Macedonas

395 2615 774 2718 mixtosque
802 2644 883 2690 ex
912 2625 1109 2692 omni
1141 2643 1383 2717 genere
1399 2621 1792 2692 auxiliorum
1812 2622 2252 2719 octingentos,
2283 2617 2465 2725 quod

396 2728 530 2815 jam
571 2742 719 2795 ante
762 2724 854 2795 ibi
895 2717 1140 2805 fuerat,
1195 2721 1387 2794 mille
1426 2722 1884 2796 Macedonum
1927 2749 2007 2795 eo
2051 2720 2352 2812 miserat,
2400 2745 2464 2799 et

266 2894 281 2911 ,
394 2824 585 2898 mille
626 2852 702 2897 ac
745 2823 1058 2897 ducentos
1103 2822 1412 2917 IllyrioS‚
1470 2824 1925 2927 Thracasque,
1969 2855 2066 2901 „et
2102 2826 2462 2917 Cretenses,

446 2935 509 2999 ui
541 2934 613 3000 in
652 2948 923 3028 utraque
964 2947 1145 3025 parte
1190 2928 1593 3015 militabant,
1639 2934 2078 3031 odingentos.
2117 2958 2120 2961 ’
2181 2938 2313 3007 His
2353 2931 2460 3008 ad-

392 2956 515 3102 giti
554 3036 829 3115 Boeoti,
881 3025 1353 3130 Theffalique‚
1409 3054 1482 3105 ‘et
1523 3040 1893 3108 Acarnanes
1937 3036 2156 3121 mille,
2230 3034 2460 3111 scutati.
2537 3044 2550 3057 '

395 3159 670 3216 omnes..
705 3152 769 3205 et
809 3160 890 3205 ex
925 3130 1223 3234 ipsorum
1252 3140 1767 3211 Corinthiorum
1807 3147 2165 3234 juventute,
2215 3141 2457 3241 imple·

368 3238 454 3310 =ta
478 3255 549 3309 ut
566 3230 905 3311 effent'sex
945 3235 1158 3310 millia
1199 3261 1642 3329 armatorum,
1690 3240 2005 3317 fiduciam
2048 3241 2455 3320 Androsthe-

336 3372 343 3398 ι
386 3348 465 3415 ni
478 3336 783 3419 fecerunt
807 3334 1376 3417 aciedecernendi.
1477 3346 2146 3447 Nicostratuspraetor
2162 3354 2455 3426 Achaeo-

382 3472 540 3519 rum
578 3450 870 3539 Sicyone
918 3466 1051 3519 erat
1096 3475 1251 3522 cum
1299 3445 1551 3523 duobus
1595 3451 1885 3525 millibus
1923 3449 2260 3553 peditum,
2303 3481 2454 3527 cen·

384 3552 895 3652 tumequitibus.
945 3546 1088 3635 sed,
1138 3558 1438 3651 inparem
1467 3551 1531 3627 se
1562 3576 1623 3627 et
1655 3581 1941 3630 numero
1959 3568 2306 3658 etfgenere
2324 3564 2450 3631 mi-

380 3653 581 3731 litum
616 3681 923 3740 cernens,
952 3701 956 3707 v
982 3661 1328 3731 moenibus
1370 3685 1514 3732 non
1551 3657 1912 3733 excedebat.
2015 3656 2280 3763 Regiae
2337 3688 2448 3737 co-

379 3754 851 3859 piae<peditum
882 3765 1307 3861 equitumque
1355 3789 1557 3862 vagae
1597 3759 2045 3838 Pellenensem
2066 3819 2087 3851 ‚
2123 3766 2194 3839 et
2230 3765 2446 3841 Phlia-

377 3861 583 3947 sium,
626 3882 688 3936 et
720 3862 1129 3935 Cleonaeum
1155 3890 1413 3964 agrum,
1458 3862 2033 3967 depopulabantur.
2077 3868 2443 3961 Postremo,
2479 3958 2482 3959 7

379 3966 845 4067 exprobrantes
875 3986 1132 4040 metum
1159 3968 1375 4055 hosti,
1416 3977 1490 4044 in
1516 3970 1681 4043 fines
1724 3976 2200 4066 Sicyoniorum
2242 3994 2446 4049 trans·

375 4066 802 4149 scendebant:
844 4074 1146 4147 -navibus
1199 4079 1397 4152 etiam
1456 4079 1883 4154 circumvecti
1925 4078 2207 4158 omnem
2241 4105 2440 4155 oram
