2732 4671
573 272 1184 371 tranimur
1285 286 1509 346 car.
1558 299 1872 379 xxviii
2102 260 2256 375 69⁴9

207 458 717 535 cuinam-edium
748 465 1048 536 aunxinni
1076 471 1246 558 erat)
1280 462 1452 538 locis
1491 461 1728 565 gelidis
1770 460 2259 566 ’propinquitate

206 570 417 638 Tauri
458 572 707 639 montis
745 564 1056 639 excedere
1095 593 1490 671 properam,
1534 570 1855 643 victorem
1897 576 2253 643 exercitum

199 677 277 743 in
301 670 571 741 hiberna
603 676 967 743 maritimae
999 681 1152 744 ora'e
1176 669 1455 744 reduxit.

281 777 292 781 ’
343 777 640 850 XXVIII.
681 778 867 846 Dum
894 779 1057 849 haec
1081 781 1157 848 in
1183 773 1333 848 Afia
1359 794 1706 876 geruntur,
1749 782 1831 849 in-
1851 783 2079 849 ceteris
2102 800 2257 876 pro·

199 881 433 948 vinciis
470 877 859 978 tranquillae
916 904 1015 950 res
1057 871 1337 952 fuerunt.
1497 875 1819 953 Censores
1863 885 2120 953 Romae
2160 883 2255 953 T.

200 981 550 1078 Qinc‘tius
584 981 989 1054 Flamininus
1016 1000 1080 1055 et
1106 985 1209 1055 M.
1236 981 1548 1057 Claudius
1573 983 1929 1058 Marcellus
1955 981 2253 1058 senatum

194 1083 628 1185 perlegerunt.
663 1090 967 1184 princeps
1012 1092 1086 1158 in
1125 1082 1354 1161 senatu-
1384 1092 1650 1161 tertium
1692 1085 1897 1161 lechis
1936 1093 2003 1160 P.
2027 1093 2254 1189 Scipio

195 1181 562 1289 §fricanus
603 1184 877 1288 quatu'or
905 1185 1028 1261 soli
1054 1196 1372 1287 praeteriti
1400 1188 1605 1276 sunt,·
1632 1216 1835 1264 nemo
1879 1191 2085 1265 curuli
2111 1188 2258 1264 usus

195 1288 480 1385 honore.
521 1313 584 1363 et
611 1298 678 1364 in
709 1299 991 1392 equitatu
1018 1289 1414 1383 recensendo
1440 1301 1619 1393 mitis
1646 1291 2011 1369 admodum
2037 1291 2256 1368 censu·

192 1421 266 1467 ra
300 1389 446 1467 fuit.
548 1394 1108 1469 Substruc‘tionem
1156 1393 1912 1500 superkAequimaelium
1958 1405 2027 1472 in
2063 1403 2259 1498 Capi-

194 1497 406 1583 toli0,
456 1518 520 1569 et
544 1492 722 1572 viam
752 1492 930 1573 filice
962 1484 1373 1593 sternendam
1405 1480 1656 1604 aposta
1684 1507 1955 1601 Capena
1978 1500 2059 1613 axd
2075 1505 2258 1575 Mar·

188 1608 276 1705 tis
303 1688 308 1695 ι
332 1601 729 1703 locaverunt.
791 1694 796 1701 ἢ
852 1609 1214 1705 Campani,
1283 1607 1401 1679 ubi
1451 1602 1896 1691 censerentur,
1962 1601 2259 1679 senatum

191 1700 683 1782 consuluerunt.
719 1702 1092 1795 decretum,
1130 1717 1224 1783 uti
1253 1704 1512 1784 Romae
1541 1705 1965 1791 censerentur.
2027 1716 2259 1811 Aquae

189 1804 493 1908 ingentes
521 1836 601 1880 eo
640 1836 820 1895 anno
859 1807 1158 1911 fuerunt,
1244 1817 1511 1888 Tiberis
1550 1811 1898 1888 duodecies
1940 1841 2261 1913 campum

187 1915 525 1991 Martium
552 1913 872 2015 planaque
896 1918 1073 1990 urbis
1099 1917 1458 1992 inundavit.
1563 1920 1665 1992 Ab
1683 1923 1808 1991 Cn.
1823 1918 2085 1992 Manlio
2101 1943 2262 1990 con-

187 2010 334 2091 sule
359 2017 542 2091 bello
570 2025 642 2095 in
676 2018 821 2092 Ana
862 2049 1015 2093 cum
1050 2021 1257 2097 Gallis
1300 2021 1636 2121 perfecstm
1689 2022 1861 2096 alter„
1886 2019 2120 2096 consul
2151 2024 2259 2095 M.

185 2121 464 2217 fulvius
481 2174 503 2204 ,
540 2118 930 2219 perdomitis
956 2124 1247 2208 Aetolis,
1281 2127 1502 2224 fluum
1527 2122 1857 2220 trajeciss'et
1883 2133 1955 2198 in
1978 2125 2261 2225 Cephal-

185 2223 473 2307 leniam,
501 2229 682 2299 circa
699 2229 990 2300 civitates
1020 2222 1266 2298 insulae
1295 2226 1475 2298 mifit
1498 2230 2016 2325 percundtamm,
2036 2249 2258 2302 utrum

185 2312 258 2401 se
304 2322 549 2401 dedere
577 2330 954 2430 ¹Romanis,
1014 2357 1098 2403 an
1142 2329 1299 2403 belli
1337 2324 1673 2403 fortunam
1723 2339 2042 2429 experiri,
2098 2331 2260 2404 mal-

187 2431 335 2506 lent
352 2437 386 2503 .²
421 2427 643 2520 Metus
673 2427 758 2518 ad
777 2459 1024 2508 omnes
1052 2433 1273 2519 valuit,
1318 2462 1406 2508 ne
1434 2430 1847 2507 deditionem
1876 2429 2261 2507 recusarent.

185 2532 457 2610 obfides
487 2532 641 2608 inde
667 2542 1024 2636 imperatos
1065 2562 1189 2636 pro
1232 2537 1474 2636 ¹viribus
1517 2542 1735 2634 inopis
1773 2537 2050 2638 populi,
2093 2543 2263 2609 vice-

186 2666 312 2724 nos
359 2633 704 2725 Nesiotae,
756 2645 1021 2726 Cranii,
1076 2637 1371 2715 Palenses
1397 2649 1471 2739 Χ)
1508 2662 1573 2716 et
1614 2646 1871 2715 Samaei
1920 2636 2275 2713 dederunt,

181 2740 518 2843 Insperata
542 2769 669 2843 pax
684 2743 1154 2842 cephalleniae
1178 2741 1562 2834 adfulserat3
1608 2772 1815 2847 quum
1844 2763 2110 2844 repente
2127 2770 2262 2817 una

183 2853 443 2934 eivitaS,
488 2852 810 2920 incertum
842 2875 1041 2951 quam
1069 2850 1156 2921 ob
1188 2846 1490 2936 caussam,
1535 2853 1789 2923 Samaei
1829 2846 2260 2928 desciverunt.

99 2983 104 3004 ·
183 2953 363 3052 Qia
399 2970 787 3050 opportuno
829 2950 988 3027 loco
1021 2953 1171 3025 urbs
1212 2951 1421 3053 pofita
1469 2948 1656 3038 ess‘et,
1700 2948 1988 3027 timuisse
2028 2948 2094 3025 se
2136 2960 2262 3048 aje-

177 3054 378 3140 bant,
443 3081 537 3126 ne
575 3051 945 3156 demigrare
1002 3077 1388 3157 cogerentur
1423 3058 1502 3132 ab
1539 3061 1881 3132 Romanis.
1969 3071 2257 3131 ceterum

175 3139 555 3286 iptssbi
599 3183 753 3264 eum
786 3158 1101 3232 finxerint
1146 3184 1439 3247 metum,
1479 3181 1542 3235 et
1582 3170 1826 3235 timore
1844 3188 2037 3244 ,vano
2080 3167 2260 3262 quie·

178 3282 323 3335 tem
354 3266 696 3346 exuerint,
738 3290 822 3334 an
852 3266 1076 3360 justata
1104 3260 1513 3339 sermonibus
1550 3293 1652 3338 res
1689 3264 1864 3364 apud
1906 3268 2255 3339 Romanos

175 3357 433 3466 perlata
481 3358 567 3436 ad
603 3391 715 3438 eos
755 3365 866 3452 fit,
910 3367 1089 3440 nihil
1130 3376 1454 3468 comperti
1503 3368 1629 3460 est:⁸
1665 3366 1787 3440 nifi
1828 3365 2046 3470 quod,
2089 3366 2253 3440 datis
2326 3373 2331 3378 ’

174 3477 311 3565 jam
350 3465 725 3553 obsidibus,
772 3489 1035 3571 repente
1056 3491 1273 3568 portas
1309 3465 1707 3557 clauserunt3
1749 3489 1812 3543 et
1854 3496 1940 3541 ne
1976 3466 2253 3544 suorum

177 3571 473 3676 quidem·
496 3574 795 3671 precibus
825 3570 1129 3663 (miserat
1158 3581 1336 3646 enim
1364 3569 1480 3646 sub
1506 3599 1734 3660 muros
1763 3569 1991 3646 consul
2018 3572 2099 3645 ad
2125 3593 2259 3645 ten-

177 3674 457 3750 tandam
503 3671 1026 3752 misericordiam
1065 3702 1412 3778 parentum
1459 3677 2051 3779 populariumque)
2096 3673 2257 3748 defi-

173 3778 344 3858 stere
385 3782 469 3853 ab
514 3786 779 3877 incepto
837 3782 1202 3856 voluerunt.
1329 3783 1718 3883 Obpngiiari
1761 3780 2031 3866 deinde,
2081 3779 2255 3879 post-

170 3912 380 3986 quam
413 3883 592 3955 nihil
622 3889 830 3983 pacati
874 3880 1409 3985 respondebatur,
1454 3907 1681 3984 coepta
1723 3887 1879 3957 urbs
1919 3885 2027 3957 est.
2066 3883 2258 3984 adpa-

169 4008 402 4061 ratum
456 4010 743 4059 omnem
795 4006 1286 4065 tormentorum
1343 3995 1934 4092 machinarumque
1979 3984 2257 4063 transve-

2062 4093 2249 4168 <stum

219 4261 234 4272 .
270 4239 307 4275 x
323 4222 350 4292 )
379 4183 644 4287 'Patmses
669 4222 832 4280 eron
846 4213 997 4280 crev'.
