2732 4671
390 249 487 317 52
856 240 935 281 '·
1070 216 1835 327 -‘r31.1v11'

344 492 348 499 .
394 412 550 495 rem
581 420 712 513 ejus
743 411 854 491 sua
893 412 1154 519 insuper
1197 417 1454 492 invidia
1487 426 1681 494 auxit.
1729 444 1942 521 neque
1966 419 2084 496 ille
2110 415 2458 522 indignita-

372 544 533 595 tem
567 516 836 618 injuriae
879 523 1063 607 tulit,
1123 520 1608 626 confestimque
1642 514 1730 596 ⁸ad
1773 530 2137 598 Laevinum
2166 525 2464 599 occultos

399 634 681 701 nuncios
709 622 885 710 misit
916 622 999 698 de
1025 623 1343 709 tradendo
1374 634 1758 729 Agrigento,
1907 634 2029 701 Per
2061 656 2238 730 quos
2280 648 2351 701 ut
2372 627 2467 701 est

399 727 573 804 facita
597 728 797 815 fides,
841 728 1368 833 compositusque
1393 740 1491 805 rei
1521 728 1844 832 gerendae
1871 728 2153 818 modus,
2206 752 2469 834 portam

399 832 487 908 ad
516 861 698 907 mare
722 829 1050 907 ferentem
1076 835 1412 910 Numidae
1438 865 1645 937 quum
1676 833 2120 937 occupaffent,
2155 834 2356 937 pulfis
2373 844 2472 909 in-

402 934 489 1011 de
530 934 935 1023 custodibus,
994 958 1102 1011 aut
1141 938 1368 1025 caesis,
1410 945 1754 1045 Romanos
1793 940 1877 1013 ad
1903 937 1969 1013 id
1996 938 2213 1040 ipsum
2243 938 2470 1013 miffos

402 1048 479 1122 in
518 1044 753 1115 urbem
793 1036 1231 1140 acceperunt(
1300 1051 1387 1118 Et
1411 1073 1622 1146 quum
1653 1051 1921 1146 agmine
1950 1053 2084 1143 jam
2126 1052 2202 1117 iu
2245 1042 2471 1122 media

398 1148 577 1218 urbis
610 1174 685 1219 ac
710 1140 939 1217 forum
971 1172 1221 1245 magno
1253 1149 1542 1221 tumultu
1567 1156 1802 1235 iretur,
1839 1168 2006 1221 ratus
2036 1153 2288 1221 Hanno
2329 1174 2473 1223 non

398 1245 617 1335 aliud,
680 1275 884 1348 quam
919 1249 1280 1322 tumultum
1317 1278 1395 1323 ac
1436 1248 1858 1333 seceffionem
1890 1250 1988 1341 (id
2014 1251 2197 1355 quod
2227 1276 2291 1325 et
2323 1273 2475 1325 ante

398 1347 745 1447 acciderat)
785 1349 1230 1427 Numidarum
1270 1349 1432 1442 effe,
1485 1352 1568 1427 ad
1607 1356 2186 1454 comprimendam
2210 1352 2472 1450 seditio·
2528 1348 2536 1356 ’

401 1470 564 1533 nem
620 1451 940 1558 proceffit.
984 1460 1177 1559 atque
1246 1457 1416 1544 ifle,
1447 1484 1656 1560 quum
1719 1465 1781 1530 ei
1828 1456 2185 1533 multitudo
2229 1468 2470 1556 major,

364 1626 365 1629 ,
402 1556 607 1662 quam
655 1556 1140 1646 Numidarum,
1178 1561 1417 1661 procul
1480 1558 1653 1647 visa,
1691 1580 1755 1635 et
1809 1556 2067 1635 'clamor
2121 1566 2472 1636 Romanus

400 1658 911 1765 haudquaquam
938 1672 1202 1765 ignotus
1236 1662 1319 1738 ad
1346 1692 1527 1738 aures
1571 1662 1934 1751 accidisset,
1990 1672 2210 1764 prius,
2265 1691 2469 1766 quam

398 1763 495 1855 ad<
527 1769 739 1842 ictum
782 1767 894 1840 teli
935 1776 1215 1854 veniret,
1257 1767 1515 1869 capessit
1553 1765 1804 1869 fugam.
1848 1795 1967 1869 per
1991 1765 2276 1841 aversam
2318 1795 2472 1866 por·

402 1890 540 1945 tam
584 1867 875 1956 emissus,
932 1869 1235 2007 *sumto
1276 1880 1522 1945 comite
1560 1870 1896 1972 Epicyde,
1943 1900 2096 1944 cum
2119 1879 2348 1972 paucis
2385 1867 2471 1944 ad

400 2001 599 2053 mare,
632 1982 954 2074 pervenit:
1010 1979 1316 2078 nactique
1356 1996 1733 2076 opportune
1787 2004 2064 2076 parvum
2109 1982 2473 2074 navigium,

394 2078 626 2177 ,relicta
665 2077 957 2152 hostibus
998 2081 1255 2167 Sicilia,
1307 2077 1392 2171 de
1435 2108 1562 2181 qua
1608 2106 1728 2180 per
1765 2100 1861 2153 tot
1898 2106 2107 2153 annos
2150 2100 2473 2155 certatum

404 2200 573 2267 erat,
629 2189 702 2273 in
738 2177 1036 2255 Africam
1065 2191 1462 2279 trajecerunt.
1516 2178 1643 2256 alia
1683 2182 2037 2257 multitudo
2083 2189 2470 2258 Poenorum

405 2283 947 2388 Siculorumque,
991 2314 1075 2360 ne
1104 2307 1347 2360 tentato
1368 2283 1642 2390 quidem
1671 2295 2054 2374 certamine,
2098 2315 2303 2390 quum
2335 2315 2475 2362 cae-

404 2405 467 2462 ci
496 2397 571 2462 in
601 2387 832 2492 fugam
858 2413 1157 2491 ruerent,
1178 2390 1517 2494 *clausique
1546 2400 1753 2466 exitus
1779 2389 2012 2479 essent,
2054 2400 2223 2466 circa
2252 2413 2472 2493 portas

372 2519 373 2524 ’
405 2490 601 2568 caesa.
703 2493 979 2595 Oppido
1009 2516 1272 2594 recepto
1299 2501 1639 2582 Laevinus,
1664 2504 1779 2596 qui
1811 2527 1881 2569 ca
1933 2505 2014 2572 ita
2041 2524 2264 2572 rerum
2281 2501 2472 2596 Agri-

285 2627 289 2631 *
405 2604 590 2697 genti
633 2614 863 2681 erant,
892 2604 1094 2696 virgis
1143 2594 1359 2670 caesos
1400 2596 1608 2671 securi
1648 2624 1845 2697 percu
1898 2621 1979 2672 lt:
2022 2621 2269 2672 ceteros
2294 2626 2474 2699 prae·

403 2698 686 2800 clamque
711 2693 1024 2771 vendidit.
1069 2722 1350 2771 omnem
1379 2706 1731 2798 pecuniam
1755 2703 2053 2771 Romam
2082 2699 2275 2772 mifit.
2361 2708 2475 2774 Fa·

404 2830 519 2888 ma
574 2808 1170 2902 Agrigentinorum
1227 2799 1427 2874 cladis
1471 2801 1767 2874 Siciliam
1822 2827 2027 2902 quum
2085 2800 2472 2901 pervasisset,

402 2911 632 2980 omnia
662 2925 927 3003 repente
961 2902 1044 2977 ad
1070 2910 1415 2979 Romanos
1442 2904 1937 2979 inclinaverunt.
2031 2904 2294 2979 Prodita
2329 2901 2474 2978 ‘bre-

167 3069 189 3080 -
288 3093 295 3100 .
376 3016 476 3092 ,vi
499 3005 647 3082 sunt
676 3014 903 3108 viginti
931 3006 1208 3109 oppida:
1245 3005 1358 3082 sex
1399 3014 1471 3082 vi
1514 3029 1728 3107 capta:
1783 3008 2147 3082 voluntaria
2188 3006 2470 3082 deditio-

401 3139 489 3188 ne
505 3119 582 3184 in
610 3109 820 3186 fidem
847 3133 1164 3187 venerunt
1192 3110 1274 3186 ad
1304 3110 1746 3214 quadraginta.
1799 3140 2076 3215 quarum
2108 3119 2469 3188 civitatium

330 3285 339 3306 ,
398 3217 806 3317 principibus
833 3245 1038 3318 quum
1066 3213 1193 3318 prd
1221 3213 1524 3318 cujusque
1551 3224 1792 3291 merito
1823 3213 2053 3291 consul
2083 3225 2288 3316 pretia
2317 3243 2474 3318 poe-

402 3316 642 3422 nasque
682 3317 1079 3422 exsolvisset,
1140 3318 1573 3424 coegissetque
1613 3323 1900 3408 Siculos,
1945 3319 2169 3422 posstis
2199 3319 2471 3395 tandem

405 3433 639 3511 armis,
678 3421 783 3497 ad'
809 3418 1045 3526 agrum
1088 3424 1448 3499 colendum
1472 3433 1732 3500 animos
1768 3446 2183 3511 convertere,
2219 3444 2290 3498 ut
2316 3421 2470 3498 esset

407 3554 551 3600 non
579 3530 959 3603 incolarum·
978 3526 1187 3603 modo
1212 3529 1539 3603 alimentis
1572 3526 1894 3630 frugifera
1925 3525 2168 3615 insula,
2210 3524 2321 3604 sed
2364 3557 2468 3602 ur-

404 3632 507 3706 bis
538 3635 796 3706 Romae
822 3654 1010 3735 atque
1038 3634 1252 3706 Italiae
1280 3632 1380 3722 (id
1409 3631 1592 3736 quod
1642 3634 1868 3708 multis
1908 3630 2094 3733 saepe
2133 3632 2470 3734 tempesta-

406 3737 576 3810 tibus
619 3732 883 3833 fecerat)
919 3765 1257 3810 annonam
1298 3737 1584 3826 levaret3
1636 3741 1737 3835 ab⁴
1754 3742 2148 3838 Agathyrna·
2166 3735 2474 3816 incondi-

408 3858 543 3913 tam
580 3837 1068 3915 multitudinem
1106 3839 1330 3916 secu'm
1371 3849 1446 3915 in
1479 3841 1734 3918 Italiam
1772 3838 2134 3916 transvexit.
2194 3863 2471 3942 quatuor

401 3945 620 4018 millia
644 3952 1007 4026 hominum
1032 3967 1248 4031 erant,
1290 3952 1486 4019 mixti
1512 3973 1591 4019 ex
1620 3952 1815 4019 omni
1846 3945 2252 4019 conluvione
2293 3941 2467 4017 exsu-

394 4045 532 4132 lec,
569 4050 895 4140 obaerati,
932 4050 1231 4153 capitalia
1257 4047 1391 4124 anfi
1414 4050 1746 4154 plerique5
1785 4070 1850 4124 et
1876 4075 2084 4153 quum
2124 4055 2204 4123 in
2247 4054 2465 4223 civgm-

2263 4171 2339 4226 vtl
2386 4176 2462 4221 ue
2573 4182 2585 4212 ⁸
