2732 4671
801 264 1063 345 tnta.
1125 263 1378 315 xxvn
1438 210 1701 315 ear.
1765 266 1926 314 x1v
1979 266 1985 277 ¹
2258 254 2371 338 ,87

279 416 514 504 umis:
530 428 668 525 sm
694 430 904 503 vidus
929 428 1056 525 (st.
1088 428 1416 525 instaurat
1445 455 1582 501 cum
1627 430 1977 505 tristor-ibus
2019 442 2377 505 certamen.

281 542 481 635 Signa
539 529 714 635 inde
774 558 1002 605 canere
1055 530 1255 628 justit,
1325 558 1410 607 co
1457 541 1548 607 ias
1601 531 1836 607 educit.
1985 534 2354 635 Pugnatum

272 648 613 740 utrimque
638 636 1015 739 aliquantO,
1054 665 1259 738 quam
1289 562 1542 737 prige,
1579 645 1790 711 acrius
1818 639 1940 711 est:
1988 644 2225 712 Poenis
2266 631 2354 711 aa
2422 712 2428 721 ,

269 740 721 819 obtinendum
747 739 1134 829 hesternum.
1158 737 1354 815 decus
1393 739 1865 829 adnitentibus,
1907 747 2223 819 Romanis
2264 740 2352 816 ad

274 842 686 920 demendam
713 851 1184 946 ignominiam.
1285 846 1553 920 Sinistra
1581 848 1682 921 ala
1704 849 1784 920 ab
1813 851 2134 923 Romanis
2162 869 2225 920 et
2239 875 2350 921 co·

277 957 554 1036 hortes,
589 975 751 1051 qnae
780 945 1132 1023 amiserant
1159 947 1375 1049 signa,
1418 958 1495 1026 in
1528 958 1746 1055 prima
1786 958 1928 1025 acie
1951 953 2349 1056 pugnabant,

278 1075 350 1127 et
378 1054 576 1154 legio*
598 1051 911 1128 vicefuna
938 1054 1017 1125 ab
1047 1052 1273 1126 dextro
1315 1083 1527 1129 cornu
1569 1054 1894 1131 instructa.
1960 1058 1964 1062 ’
1994 1060 2069 1129 L.
2101 1060 2351 1128 Corne-

279 1160 411 1251 lius
444 1154 758 1245 Lentulm
800 1178 865 1228 et
904 1162 982 1230 C.
1013 1155 1324 1231 Claudius
1352 1161 1537 1232 Nero
1554 1159 1769 1259 ‚legati
1820 1161 2133 1235 cornibus
2173 1183 2351 1259 prae-

278 1281 488 1357 erant,
507 1260 883 1353 „Marcellus
913 1258 1205 1335 mediam
1233 1270 1467 1349 aciem,
1511 1268 1811 1338 hortator
1845 1259 2144 1367 testisque
2172 1286 2352 1362 prae·
2413 1337 2417 1345 ,

267 1362 461 1455 sens,
500 1362 816 1438 firmabat.
944 1366 1049 1438 Ab
1096 1366 1473 1440 Hannibale
1515 1365 1799 1468 Hispani
1839 1375 2130 1468 primam
2175 1367 2355 1443 obti-

273 1472 532 1553 nebant
561 1462 896 1553 frontem.
947 1491 1012 1541 et
1060 1467 1134 1542 id
1186 1472 1443 1545 roboris
1492 1477 1567 1544 in
1620 1479 1815 1547 omni
1868 1478 2152 1544 exercitu
2191 1489 2346 1543 erat.

269 1580 507 1677 Qum
536 1600 777 1673 anceps
820 1568 934 1646 diu
971 1599 1196 1674 pugna
1232 1572 1421 1661 effet,
1465 1576 1803 1650 Hannibal
1843 1576 2222 1674 elephantos
2267 1580 2342 1649 in

267 1688 573 1781 primam
601 1683 814 1751 aciem
841 1673 1070 1751 induci
1097 1675 1297 1773 juffit:
1343 1676 1396 1751 fi
1437 1705 1638 1778 quem
1678 1687 1954 1775 injicere
1987 1707 2062 1751 ea
2107 1703 2206 1750 res
2242 1697 2365 1750 tu··

266 1783 567 1877 multum
606 1808 685 1853 ac
709 1806 1027 1881 pavorem
1065 1778 1292 1882 poffet.
1368 1787 1479 1859 Et
1519 1791 1749 1884 primo
1792 1785 2124 1856 turbarunt
2161 1780 2344 1880 figna

271 1881 709 1987 ordinesque,
762 1904 827 1957 et
868 1891 1110 1987 partim
1154 1884 1543 1972 occulcatis,
1595 1895 1836 1986 partim
1879 1884 2195 1987 dissipatis
2218 1906 2343 1957 ter-

271 2018 465 2076 rore,
513 1996 634 2091 qui
678 1994 846 2062 circa
884 2007 1103 2073 erant,
1145 1987 1546 2063 nudaverant
1592 2019 1723 2065 una
1761 2012 1941 2091 parte
1979 1998 2211 2064 aciem.
2251 1989 2343 2063 la-
2376 2034 2384 2037 -

274 2090 531 2195 eiusque
566 2087 732 2193 fuga
772 2089 1109 2178 manasset,
1164 2101 1238 2167 ni
1275 2099 1351 2169 C.
1392 2098 1735 2179 Decimius
1778 2095 2010 2171 Flavus
2046 2096 2341 2168 tribunus

279 2197 620 2282 militum,
658 2193 851 2296 ligno
877 2186 1148 2298 a‘drepto'
1188 2205 1395 2300 primi
1439 2198 1704 2285 hastati,
1743 2199 2160 2299 manipulum
2206 2206 2366 2295 ejus.
2396 2277 2401 2280 ,

273 2301 455 2403 figni
477 2298 546 2375 se
574 2297 756 2403 sequi
778 2296 1053 2398 juffiffet.
1092 2298 1299 2388 duxit,
1346 2303 1464 2376 ubi
1488 2302 1780 2378 maxime
1805 2303 2343 2376 tumultum-con·

285 2409 592 2507 globatae
610 2403 860 2502 belluae
901 2395 1260 2489 faciebant,
1303 2405 1566 2505 pilaque
1607 2413 1684 2478 in
1726 2431 1830 2476 eas
1875 2401 2116 2499 conjici
2153 2401 2341 2500 justit.

285 2504 584 2584 Haesere
608 2517 825 2606 omnia
847 2510 973 2582 tela
999 2505 1177 2582 haud
1204 2505 1470 2582 difficili
1488 2557 1489 2560 =
1510 2535 1592 2588 ex
1628 2501 2011 2610 propinquo
2054 2514 2129 2581 in
2171 2527 2344 2580 tanta

285 2639 576 2714 corpora
599 2615 759 2699 istu,
800 2633 1027 2688 ettam
1071 2608 1369 2708 conferta
1402 2612 1604 2686 turba.
1643 2608 1783 2696 sed.¹
1801 2632 1874 2692 ut
1902 2639 2057 2690 non
2101 2636 2340 2683 omnes

275 2720 609 2793 vttlnerati
633 2715 813 2807 sunt3
851 2726 971 2804 ita,
1019 2723 1091 2790 in
1121 2744 1408 2819 quorum
1438 2722 1631 2816 tergis
1673 2716 1877 2798 infixa
1917 2715 2144 2789 stetere
2182 2714 2343 2815 pila,
2456 2785 2465 2805 -.

271 2826 304 2915 (
318 2845 392 2899 ut
419 2823 522 2916 est¹
536 2837 747 2923 genus
775 2831 1038 2922 anceps)
1063 2815 1146 2895 'in
1171 2818 1406 2922 fugam
1437 2818 1599 2893 versi
1625 2827 1823 2894 etiam
1854 2827 2141 2921 integros
2162 2845 2381 2904 aver·⁴

269 2923 428 3003 tere.
533 2929 734 3002 Tum
754 2933 889 3025 jam
920 2953 1061 2999 non
1088 2954 1252 3000 unus
1282 2924 1699 3026 manipulus,
1744 2921 1860 2999 sed
1901 2951 2026 3024 pro
2067 2917 2134 2997 se
2176 2918 2344 3025 quis·
2430 2997 2435 3004 ,

275 3062 405 3136 que
461 3030 697 3118 miles,
773 3039 890 3134 qui
931 3027 1142 3108 modo
1182 3026 1445 3131 adsequi
1482 3055 1723 3130 agmen
1763 3025 2170 3129 fugientium
2215 3027 2341 3101 ele·

321 3144 1017 3236 humorumpoterat,
1071 3134 1211 3236 pila
1257 3141 1604 3229 conjicere.
1652 3159 1735 3205 eo
1780 3138 1991 3233 magis
2039 3159 2226 3206 ruere
2264 3138 2338 3203 in

269 3166 424 3315 finos
461 3238 766 3328 belluae3
831 3259 1138 3341 tantoque
1178 3246 1506 3335 majorem
1553 3236 1833 3335 stragem
1874 3234 2098 3320 edere,
2141 3262 2339 3337 quam

272 3353 450 3419 inter
476 3342 696 3419 hostes
730 3340 1084 3430 ediderant,
1124 3363 1368 3445 quanto
1396 3349 1605 3416 acrius
1628 3368 1837 3440 pavor
1856 3338 2341 3413 consternatam

274 3458 445 3550 agit,
491 3476 696 3552 quam
725 3444 1064 3521 infidentis
1087 3446 1381 3548 magistri
1406 3452 1696 3545 imperio
1725 3452 1983 3545 regitur.
2084 3446 2165 3512 In
2199 3467 2344 3540 per·

281 3557 606 3627 turbatam
643 3549 1001 3626 transcursu
1044 3551 1413 3625 belluarum
1432 3557 1656 3622 aciem
1686 3545 1868 3649 ligna
1894 3539 2185 3618 inferunt
2209 3548 2342 3624 Ro·

290 3665 474 3732 mani
545 3654 796 3730 editesz·
817 3678 881 3729 et
907 3653 1085 3730 haud
1110 3681 1358 3756 magno
1389 3661 1749 3728 certamine
1783 3648 2110 3751 diffipatos
2147 3655 2344 3748 trepi-

291 3685 637 3865 damelpqne
678 3780 991 3836 avertunt.
1027 3851 1034 3856 η
1120 3763 1312 3833 Tum
1371 3767 1447 3833 in
1481 3754 1804 3860 fugientes
1849 3764 2208 3857 equitatum
2248 3760 2347 3825 in-

282 3871 492 3940 mittit
511 3865 894 3952 Marcellus,
920 3891 1049 3938 nec
1073 3863 1405 3938 antefinis
1426 3860 1738 3966 sequendi
1765 3862 1855 3936 est
1886 3858 2115 3943 sacius,
2147 3871 2347 3958 quam
2436 3912 2445 3932 .

281 3978 362 4044 in
389 3969 586 4045 castra
609 3992 918 4072 paventes
949 3967 1276 4068 compulfi
1309 3966 1472 4042 sunt.
1574 3974 1751 4042 Nam
1781 3965 1972 4065 super
1995 3962 2140 4047 alia,
2192 3986 2355 4063 quae

278 4097 609 4168 terrorem
624 4072 1268 4183 trepidationemque
1281 4068 1923 4174 facerenn'elephanti
1938 4094 2205 4173 quoque
2219 4062 2353 4142 duo

1331 4181 1392 4255 ‘F
1447 4207 1494 4269 4
1630 4193 1633 4196 ’
2284 4176 2360 4243 in
