2732 4671
833 205 1357 279 irmxxxrv
1467 230 1854 285 cnr.xv1
2163 224 2375 304 -463

316 395 442 471 bus
470 392 664 496 fuga.
708 392 993 495 praedati
1023 392 1184 470 sunt.
1212 405 1395 497 *quae
1420 423 1518 469 res
1549 420 1687 472 non
1715 406 1971 486 minus,
2022 422 2217 502 quam
2259 429 2373 501 pn—

313 530 449 604 gna
490 496 701 600 pridie
744 496 1035 588 adversa.
1072 506 1560 598 ⁴Emporitanos
1601 499 1932 602 Hispanos
1989 502 2375 606 adcolasque

284 649 287 652 ·
315 633 567 682 eorum
600 612 674 676 in
701 600 1110 675 deditionem
1139 605 1482 702 compulit.
1527 607 1721 678 multi
1749 628 1811 678 et
1831 609 2105 680 aliarum
2157 616 2374 688 civita·-

314 716 529 794 tium,
591 715 704 809 qui
749 713 1101 805 Emporias
1146 705 1596 808 perfugerant,
1655 708 2040 784 dediderunt
2062 710 2148 785 se.
2203 740 2370 813 quos

316 822 589 895 omna,
617 810 983 910 adpell-atbs
1016 813 1320 911 benigne,
1354 818 1650 913 vinoque,
1676 835 1738 885 et
1769 818 1922 887 cibo
1950 835 2224 902 curatOS,
2254 816 2371 888 do·

313 945 471 992 mos
499 913 764 987 dimisit.
916 912 1288 1002 Confestim
1327 914 1485 989 inde
1525 916 1721 989 castra
1763 927 2008 992 movit:
2061 939 2154 1005 et,
2267 921 2370 993 ua·

312 1045 603 1119 cumque
629 1016 967 1091 incedebat
995 1047 1255 1120 agmen.
1283 1021 1477 1119 legati
1508 1017 1894 1094 dedentium
1917 1028 2203 1095 civitates
2221 948 2368 1097 <i'uas

318 1127 769 1204 obcurrebant.
832 1133 1144 1223 et³quum
1188 1128 1644 1196 Tarraconem
1688 1133 1900 1209 venit,
1959 1135 2363 1222 jamomnis
2475 1169 2482 1174 ·

317 1235 417 1301 cis
458 1231 724 1314 Iberum.
757 1223 1072 1324 Hispania
1110 1226 1483 1326 perdomita
1527 1247 1692 1312 erat,
1742 1237 2111 1331 captivique
2143 1236 2368 1303 etRo·

288 1336 545 1417 =mani‚
586 1351 646 1404 et
692 1327 955 1428 &socium
1015 1360 1087 1402 ac
1143 1337 1353 1403 Latini
1416 1339 1738 1417 nominiS,
1779 1340 1967 1406 variis
2009 1332 2250 1408 cafibus
2285 1341 2368 1410 xin

315 1430 639 1536 Hispania
668 1433 980 1533 obpmffi,
1025 1434 1279 1507 donum
1310 1434 1564 1509 consuli
1600 1465 1634 1508 a
1659 1438 1937 1509 barbaris
1981 1436 2368 1513 reduceban-

308 1562 439 1614 tur.
542 1542 737 1612 Fama
767 1535 1005 1611 deinde
1033 1540 1368 1638 vulgatur,
1418 1536 1756 1632 consulem
1786 1548 1859 1613 in
1889 1540 2367 1616 Turdetaniam

312 1650 674 1717 exercitum
713 1641 1097 1728 ducturum,
1154 1665 1216 1714 et
1256 1640 1339 1716 ad
1379 1641 1606 1732 dejvios
1649 1666 2003 1720 montanos
2033 1643 2365 1744 profectu·

317 1775 471 1821 rum
497 1753 702 1819 etiam
743 1743 902 1819 falso
930 1747 1252 1848 perlatum
1282 1747 1390 1819 est.
1495 1745 1601 1821 Ad
1630 1753 1811 1821 hune
1851 1778 2093 1823 vanum
2137 1770 2201 1822 et
2225 1747 2368 1822 fine

266 1903 273 1907 -
311 1854 583 1926 auclore
626 1849 767 1922 ullo
813 1877 1189 1950 rumorem,
1249 1851 1784 1951 Bergistanorum
1815 1859 2086 1927 civitatis
2114 1850 2367 1952 septem
2427 1855 2434 1858 “

311 1955 567 2032 castella
616 1949 1006 2027 defecerunt.
1066 1982 1214 2038 eos,
1266 1951 1548 2028 deducio
1592 1963 1907 2044 exercitu,
1969 1952 2199 2031 consul
2226 1953 2365 2030 fine

310 2055 754 2132 memorando
798 2060 1053 2155 proelio
1098 2048 1169 2130 in
1206 2058 1592 2157 potestatem
1632 2058 1899 2161 redegit.
2043 2058 2248 2150 Haud
2278 2067 2368 2133 ita

228 2167 238 2173 “
314 2162 535 2235 multo
563 2161 707 2260 post
740 2159 979 2247 iidem,
1021 2158 1303 2261 regresso
1328 2166 1786 2236 Tarraconem
1820 2161 2119 2250 consule,
2162 2160 2356 2261 prius·

364 2293 515 2340 uam
545 2262 701 2339 inde
730 2292 1063 2368 quoquam
1109 2262 1529 2365 procederet,
1585 2262 1979 2342 defecerunt.
2119 2272 2367 2365 Iterum
2411 2277 2418 2285 “

309 2294 593 2446 Pubacii:
630 2365 741 2445 sed
770 2396 913 2455 non
943 2367 1170 2442 eadem
1204 2376 1395 2442 venia
1429 2372 1613 2443 victis
1642 2364 1788 2443 fuit.
1837 2368 1951 2442 sub
1984 2396 2233 2442 corona
2259 2398 2366 2444 ve·

309 2482 499 2550 niere
532 2500 786 2559 omnm,
827 2501 909 2546 ne
936 2469 1184 2572 saepius
1212 2500 1442 2572 pacem
1474 2469 1917 2547 sollicitarent.
2445 2486 2448 2487 ’

460 2580 661 2650 XVII.
697 2582 973 2650 Interim
998 2582 1066 2651 P.
1099 2577 1390 2650 Manlius
1418 2595 1708 2676 praetor,
1759 2582 2046 2650 exercitu
2090 2595 2302 2651 vetere
2328 2603 2367 2647 a
2406 2595 2410 2601 ’

316 2683 784 2779 QMinuciQ
833 2688 936 2753 cui
965 2677 1387 2765 succefferat‚'
1415 2700 1721 2781 accepto,
1771 2679 2079 2776 adjuncto
2124 2699 2188 2752 et
2225 2684 2365 2778 Ap.

308 2780 584 2858 Claudii
623 2788 908 2857 Neronis
950 2810 1031 2856 ex
1077 2785 1386 2858 ulteriore
1427 2781 1742 2886 Hispania
1768 2806 1976 2857 vetere
2004 2790 2161 2856 item
2189 2809 2366 2855 exer·

306 2894 481 2972 citu,
519 2895 595 2960 in
611 2884 1091 2961 Turdetaniam
1120 2884 1576 2988 proficiscitur.
1678 2893 2011 2963 Omnium
2036 2883 2366 2985 Hispano-

304 3018 467 3065 rum
504 2998 795 3064 maxime
834 2992 1105 3065 inbelles
1147 2994 1464 3065 habentur
1498 2990 1888 3066 Turdetani.
1945 2988 2094 3065 freti
2140 3011 2366 3062 tamen

302 3094 728 3168 multitudine
754 3092 862 3167 sua
886 3096 1155 3169 obviam
1185 3104 1397 3169 ierunt
1439 3105 1691 3196 agmini
1732 3101 2062 3171 Romano.
2150 3100 2367 3196 Eques

307 3195 613 3274 inmiss'us
647 3199 919 3271 turbavit
943 3199 1283 3299 extemplo
1312 3207 1523 3275 aciem
1553 3227 1805 3277 eorum.
1853 3200 2147 3301 pedestre
2173 3224 2365 3297 proe-

306 3303 483 3376 lium
514 3300 754 3375 nullius
781 3297 994 3376 ferme
1021 3310 1392 3376 certaminis
1418 3299 1561 3376 fuit.
1624 3305 1867 3377 milites
1913 3325 2198 3387 veterem,
2257 3328 2367 3401 pe-

306 3412 420 3479 riti
463 3405 755 3480 hostium
798 3405 1117 3508 bellique,
1175 3404 1352 3478 haud
1401 3404 1668 3479 dubiam
1708 3434 2002 3506 pugnam
2047 3401 2366 3477 fecerunt.

305 3512 458 3584 Nee
486 3530 704 3582 tamen
730 3536 801 3582 ea
878 3538 1048 3611 ugna
1076 3507 1469 3583 debellatum
1499 3508 1606 3581 est.
1649 3507 1882 3585 decem
1909 3508 2123 3608 millia
2167 3506 2368 3607 Celti·
2399 3564 2402 3565 ν

306 3614 540 3686 berum
596 3538 900 3687 mercede
946 3612 1234 3687 Turduli
1274 3612 1698 3713 conducunt,
1751 3610 2104 3714 alienisque
2163 3616 2364 3689 ,armis

306 3720 619 3818 parabant
643 3717 913 3789 bellum.
1020 3715 1271 3790 Consul
1297 3724 1603 3803 interim,
1645 3717 2007 3789 rebellione
2051 3710 2363 3810 Bergista-

282 3820 556 3893 norum
589 3824 787 3905 ictus,
837 3839 1073 3893 ceteras
1102 3848 1366 3922 quoque
1398 3827 1683 3894 civitates
1713 3843 1884 3893 ratus
1917 3846 2035 3918 per
2081 3813 2366 3887 occafio-

303 3950 467 3996 nem
499 3922 680 3999 idem
710 3918 1022 4008 facturas,
1058 3953 1243 3997 arma
1270 3926 1577 3999 omnibus
1608 3931 1700 3996 cis
1740 3926 2000 3996 Iberum
2046 3915 2364 4018 Hispanis

300 4023 577 4107 ademit.
631 4046 830 4132 quam
873 4052 1020 4105 rem
1058 4025 1223 4104 adeo
1262 4056 1452 4131 aegre
1487 4018 1688 4130 fani,
1749 4047 1818 4100 ut
1848 4027 2044 4102 multi
2070 4043 2359 4200 nilgrtem

2091 4184 2092 4187 ,
2199 4145 2360 4217 „met
