2732 4671
407 190 504 259 48
1082 194 1717 243 -⁶r.1.1vrr

404 363 637 433 omnia
662 363 994 458 utrimque
1021 346 1238 441 erant,
1276 350 1525 458 integra
1549 353 1690 457 spe,
1735 363 1996 460 integro
2025 379 2243 445 metu,
2288 357 2470 435 velue

400 464 524 539 illo
556 482 856 559 tempore
881 467 1186 562 primum
1214 462 1462 534 bellum
1496 466 1878 562 inciperent.

542 568 897 639 XXXVIII.
957 564 1398 639 Hannibalem
1438 586 1586 637 aute
1640 574 1871 639 omnia
1909 567 2214 666 angebat,
2280 566 2467 669 quod

399 674 661 769 Capua,
699 677 1092 770 pertinacius
1127 670 1494 767 obpugnata
1523 671 1601 740 ab
1631 671 1975 755 Romanis,
2009 698 2217 771 ‘quam
2246 667 2474 745 defen·

368 770 462 848 'sa
489 775 569 846 ab
601 770 703 859 se,
753 775 1117 847 multorum
1145 773 1359 867 Italiae
1386 774 1795 871 populorum
1824 780 2083 847 animos
2119 795 2469 850 averterat:

400 904 569 980 quos
600 906 815 981 neque
844 902 1072 951 omnes
1099 896 1315 947 tenere
1343 873 1713 975 praefidiiS‚
1759 876 1883 950 nisi
1911 877 2106 952 vellet
2130 884 2205 950 in
2228 879 2466 953 multas

398 979 759 1085 parvasque
787 1000 995 1082 partes
1029 1005 1289 1078 carpere
1321 987 1734 1069 exercitum5
1780 980 1961 1084 quod
2006 986 2294 1074 minime
2323 1005 2467 1056 tum

398 1086 811 1189 expediebat,
855 1102 1138 1184 poterat:
1188 1104 1350 1169 nec,
1393 1082 1683 1158 deductis
1710 1083 2081 1187 praesidiis,
2123 1081 2262 1187 spei
2299 1089 2464 1161 libe·

397 1220 543 1268 ram
595 1189 700 1263 vel
749 1189 1112 1269 obnoxiam
1160 1190 1392 1259 timori
1439 1184 1779 1262 sociorum
1813 1188 2467 1292 relinqueretfldem.

394 1299 706 1392 Praeceps
732 1295 806 1363 in
831 1296 1166 1364 avaritiam
1195 1312 1256 1364 et
1289 1288 1739 1364 crudelitatem
1769 1302 2024 1368 animus
2066 1291 2151 1367 ad
2188 1291 2469 1394 spolian-

392 1393 512 1483 da,
557 1421 717 1498 quae
758 1400 927 1468 tueri
971 1396 1312 1496 nequibat,
1352 1415 1423 1468 ut
1463 1395 1693 1470 vastata
1719 1397 1893 1470 hosti
1923 1399 2473 1500 relinquerentur,

374 1500 757 1579 «inclinavit.
852 1496 931 1571 Id
973 1491 1255 1573 foedum
1298 1493 1690 1586 confilium,
1737 1528 1943 1603 quum
1968 1507 2272 1600 incepto,
2315 1512 2486 1577 tum'

393 1612 591 1678 etiam
630 1610 805 1675 exitu
846 1597 993 1675 fuit.
1035 1627 1251 1704 neque
1295 1610 1482 1675 enim
1519 1600 1790 1704 indigna
1829 1611 2215 1704 patientium
2245 1604 2463 1678 modo

388 1709 915 1784 abalienabantur
957 1713 1201 1792 animi,
1262 1702 1373 1779 sed
1413 1725 1782 1780 ceterorum
1830 1715 2046 1782 etiam.
2095 1717 2341 1810 quippe
2380 1707 2465 1781 ad

392 1816 609 1917 plures
650 1810 1071 1910 exemplum,
1134 1837 1332 1913 quam
1380 1809 1745 1895 calamitas,
1801 1814 2174 1911 pertinebat.
2315 1818 2384 1886 N
2386 1840 2466 1887 ec

393 1912 622 1993 consul
650 1918 993 1996 Romanus
1020 1911 1337 1989 tentandis
1359 1915 1662 1999 urbibus,
1698 1911 1969 1988 ficunde
1990 1912 2130 2017 spes
2157 1915 2368 2018 aliqua
2396 1912 2464 1991 se

393 2015 804 2102 ostendisset,
867 2016 1101 2091 deerat⁴
1203 2019 1497 2116 Salapiae
1537 2024 1862 2119 principes
1902 2038 2082 2092 erant
2119 2019 2349 2099 Dafius
2394 2039 2459 2095 et

389 2125 689 2202 Blattius:
756 2122 825 2218 ¹²)
881 2120 1108 2195 Dasius
1155 2120 1522 2194 Hannibali
1560 2126 1849 2209 amicus;
1913 2123 2209 2210 Blattiu8‚
2260 2120 2462 2227 quan·

388 2246 534 2303 tum
565 2255 646 2302 ex
676 2245 817 2299 tuto
848 2245 1136 2327 poterat,
1168 2252 1325 2317 ,rem
1353 2230 1738 2299 Romanam
1762 2221 2063 2314 fovebat,
2101 2248 2166 2300 et
2189 2254 2308 2327 per
2353 2255 2466 2301 oc·

392 2332 601 2408 cultos
645 2335 924 2406 nuncios
964 2326 1150 2433 spem
1190 2326 1591 2430 proditionis
1622 2325 1867 2406 fecerat
1919 2331 2285 2419 Marcell03
2350 2326 2464 2406 sed

387 2433 527 2512 fine
567 2433 861 2532 adjutore
884 2462 889 2472 ’
912 2433 1113 2509 Dafio
1161 2460 1264 2509 res
1304 2430 1570 2536 tranfigi
1616 2463 1762 2511 non
1786 2458 2056 2538 poterat.
2131 2436 2461 2511 *Multum

387 2568 465 2614 ac
519 2537 634 2614 diu
679 2542 1048 2625 cunctatus,
1103 2559 1167 2611 et
1206 2558 1351 2611 tum
1395 2566 1660 2639 quoque
1702 2547 1915 2639 magis
1941 2539 2173 2640 inopia
2200 2540 2466 2615 consilii

376 2649 696 2747 'potiori8‚
748 2671 946 2743 quam
973 2638 1087 2741 spe
1114 2635 1420 2725 effectus,
1463 2639 1740 2741 Dafium
1786 2640 2164 2740 adpellabat.
2227 2665 2290 2715 at
2325 2646 2461 2729 isse,

390 2775 600 2851 quum
638 2748 720 2828 ab
760 2773 829 2818 re
868 2742 1155 2829 aversuS,
1214 2765 1364 2815 tum
1402 2742 1665 2816 aemulo
1706 2763 2075 2846 potentatus
2123 2750 2461 2834 inimicus,

384 2878 534 2926 rem
577 2851 943 2924 Hannibali
982 2854 1204 2948 aperit.
1348 2843 1667 2919 Arceffito
1737 2867 2052 2949 utroque,
2112 2849 2460 2923 Hannibal

389 2982 597 3058 quum
625 2980 751 3054 pro
780 2953 1088 3026 tribunali
1118 2947 1439 3053 quaedam
1466 2969 1715 3051 ageret,
1757 2978 1921 3024 mox
1962 2952 2044 3032 de
2071 2951 2306 3025 Blattio
2353 2980 2465 3028 co·-

386 3067 717 3161 gniturus‚
787 3054 1149 3157 starentque
1189 3050 1500 3128 submoto
1543 3054 1801 3154 populo
1838 3050 2166 3129 accusator
2191 3076 2255 3129 et
2280 3084 2464 3131 reus:

385 3162 654 3238 Blattius
689 3158 772 3233 de
815 3157 1199 3261 proditione
1240 3155 1517 3250 Dasium
1562 3156 1940 3259 adpellabat.
2078 3162 2459 3246 Enimvero,

385 3265 537 3352 ifle,
586 3266 766 3339 velut
793 3272 863 3338 in
892 3258 1235 3339 manifesta
1264 3288 1368 3348 re,
1416 3261 1769 3348 exclamat,
1801 3263 1937 3359 sub
1966 3271 2165 3341 oculis
2192 3266 2461 3339 Hanni-

389 3374 559 3444 balis
573 3365 792 3467 ficum
818 3372 894 3443 de
907 3369 1460 3472 proditionqagi.
1561 3370 1922 3442 Hannibali
1953 3390 2144 3471 atque
2173 3375 2299 3453 eis,
2344 3371 2463 3470 qui

385 3470 687 3560 aderant,
757 3501 892 3576 quo
936 3472 1245 3547 audacior
1284 3497 1382 3544 res
1424 3489 1591 3557 erat,
1645 3479 1867 3544 minus
1900 3469 2134 3548 fim'ilis
2160 3480 2296 3547 veri
2323 3468 2459 3545 visa

368 3574 493 3650 fest.
539 3583 1029 3680 aemulati-onem
1044 3575 1353 3674 profesto
1380 3593 1568 3674 atque
1597 3580 1813 3649 odium
1844 3578 1980 3676 ff:
2026 3594 2090 3652 et
2118 3583 2192 3651 id
2217 3581 2458 3649 crimen

384 3683 682 3780 adferri,
746 3686 960 3811 quod,
1023 3686 1183 3781 quia
1224 3669 1437 3775 testem
1480 3683 1710 3752 habere
1737 3705 1869 3754 non
1886 3680 2136 3780 poffet,
2184 3685 2261 3773 ⁶)
2307 3680 2459 3754 libe-

382 3785 840 3888 riusfingeflti
852 3788 968 3887 stt.
1068 3789 1162 3856 Ita
1190 3782 1352 3856 inde
1380 3781 1624 3857 dimiffi
1654 3780 1819 3857 sunt.
1859 3810 1982 3857 nec
2008 3785 2273 3858 Blattius
2309 3804 2460 3857 ante

384 3885 619 3966 abstitit
644 3911 869 3964 tamen
896 3910 1031 3968 tam
1061 3885 1620 4024 audaci'inceptm
1658 3912 1858 3989 quam
1883 3884 2065 3963 idem
2094 3885 2459 4064 obtundam·
2495 3925 2506 3936 ·

1342 4031 1353 4044 t
2380 4018 2448 4075 ο,

448 4115 527 4193 b)
561 4093 751 4188 mustus
789 4127 961 4181 Gran.
986 4083 1137 4179 Craev.¹
1537 4088 1608 4196 e)
1638 4121 1862 4196 pmiffee
1893 4123 2061 4183 Gran.
2090 4126 2242 4181 Crem
