2732 4671
749 218 1207 272 tranen
1308 220 1786 275 canxnvr
2153 224 2281 290 35¹

222 393 392 486 (jam
427 390 611 461 enim
645 405 709 458 et
733 412 961 486 graves
988 382 1223 486 praeda
1256 412 1451 459 naves
1474 388 1837 484 habebant)
1866 408 2062 474 retro,
2104 384 2284 461 unde

221 515 572 576 venerant,
620 495 1000 574 Sciathum,
1042 511 1104 562 et
1131 490 1209 561 ab
1239 493 1503 568 Sciatho
1526 493 1867 565 Euboeam
1895 513 2210 592 repetunt.

354 600 590 671 XLVI.
628 597 732 668 Ibi
782 595 1012 669 relic'la
1067 588 1291 680 claffo,
1361 592 1594 668 decem
1649 598 1918 669 navibus
1955 595 2281 696 *expeditis

209 698 436 775 smum
463 699 832 775 Maliacum
862 705 1217 780 intravere,
1263 696 1345 771 ad
1380 698 1926 799 conloquendum
1974 727 2124 772 cum
2157 706 2281 773 Ae·

210 805 373 880 tolis
400 803 483 878 de
511 810 766 878 ratione
790 799 1064 901 ‚gerendi
1093 800 1270 874 belli.
1373 807 1784 901 Sipyrrhicas
1813 805 2083 876 Aetolus
2104 811 2279 903 prin·

208 937 371 1009 ceps
399 908 748 1007 legationis
777 914 911 1001 ejus
946 901 1106 994 fuit,
1151 931 1314 1005 quae
1357 904 1440 978 ad
1477 903 2032 988 communicanda
2076 904 2283 984 confi·

206 1013 303 1088 lia
332 1012 731 1086 Heracleam
764 1038 921 1083 cum
963 1035 1117 1109 rege
1159 1029 1221 1081 et
1267 1036 1424 1081 cum
1457 1013 1775 1084 ‘Romano
1818 1010 2037 1110 legato
2083 1017 2280 1085 venit.

203 1122 504 1194 I’etitum
534 1143 613 1188 ex
636 1111 908 1187 foedere
936 1112 1270 1186 abaAttalo
1300 1113 1422 1199 est,
1463 1133 1532 1186 ut
1579 1114 1769 1188 mille
1814 1115 2061 1189 milites
2103 1139 2282 1213 prae·

203 1220 428 1295 staret.
478 1240 726 1292 tantum
755 1224 940 1291 enim
966 1244 1331 1292 numerum
1357 1217 1608 1292 bellum'
1646 1221 2015 1319 gerentibus
2059 1216 2283 1294 adver·

204 1321 317 1400 sus
354 1324 740 1422 Philippum
784 1321 1072 1395 debebat.
1152 1317 1249 1420 'ld
1280 1343 1589 1421 negatum
1634 1321 1915 1395 Aetolis:
1956 1320 2278 1423 quod-illi

206 1455 486 1530 quoque
514 1433 759 1527 gravati
784 1432 966 1525 prius
996 1419 1194 1497 effer'it
1221 1422 1303 1496 ad
1327 1422 1775 1524 populandam
1803 1423 2279 1502 Macedoniam

207 1539 429 1616 exire,
482 1557 635 1633 quor
661 1550 1000 1630 tempore,
1040 1528 1353 1627 Philippo
1393 1535 1566 1602 circa
1605 1534 2004 1629 Pergamum
2047 1550 2276 1604 urente

134 1623 139 1650 ¹
208 1631 389 1710 saera
429 1628 714 1735 profana
762 1661 878 1719 ue,
918 1630 1276 1706 abstrahere
1314 1659 1467 1705 eum
1505 1631 1666 1706 inde
1709 1630 1999 1732 respestu
2043 1662 2274 1716 rerum

180 1729 472 1814 ‘suarum
497 1745 687 1838 potui
745 1755 871 1810 ent.
970 1741 1067 1808 Ita
1095 1736 1318 1811 Aetoli
1347 1763 1502 1810 cum
1530 1734 1641 1838 spe
1665 1746 1913 1837 magis,
1951 1741 2271 1811 Romanis

209 1849 444 1916 omnia
472 1841 971 1942 pollicentibus,
1023 1866 1220 1941 quam
1251 1867 1407 1917 cum
1434 1841 1686 1918 auxilio
1729 1838 1990 1916 dimiffi.
2094 1847 2272 1940 Apu·

206 1947 362 2020 flius
392 1974 550 2019 cum
585 1946 808 2019 Attalo
847 1942 929 2016 ad
972 1941 1233 2017 classem
1275 1942 1486 2018 rediit.
1585 1941 1748 2019 Inde
1788 1941 2136 2019 consultari
2186 1942 2269 2018 de

170 2055 393 2152 poteo
422 2045 872 2151 obpugnando
904 2069 1231 2147 coeptum.
1341 2045 1576 2124 Valida
1619 2075 1695 2122 ea
1722 2056 1947 2124 civitas
1986 2070 2050 2122 et
2092 2076 2274 2122 moe-

207 2157 445 2239 nibus,
482 2174 580 2239 et,
627 2160 777 2255 quia
807 2171 954 2225 ante
977 2147 1189 2226 fuerat
1218 2171 1484 2238 tentata,
1525 2151 1728 2226 firmo
1771 2175 1905 2226 erat
1929 2147 2272 2252 praesidio.

206 2263 707 2350 Coniunxerant
731 2253 796 2329 se
824 2262 904 2330 iis
931 2254 1078 2355 post
1107 2263 1666 2354 expugnationem
1687 2254 1898 2328 Andri
1929 2284 2082 2329 cum
2096 2280 2275 2355 prae-
2339 2271 2360 2284 ³

198 2358 395 2438 festo
427 2359 886 2461 Agesimbroto
921 2366 1154 2459 viginti
1188 2356 1490 2431 Rhodiae
1521 2386 1749 2442 nave8‚
1799 2362 2004 2432 tediae
2020 2386 2272 2432 omnes·

206 2494 367 2540 eam
395 2461 651 2539 classem
691 2473 766 2538 in
796 2465 1143 2537 stationem
1185 2460 1268 2534 ad
1308 2458 1641 2534 Zelafium
1683 2459 2034 2546 miserunt,
2072 2460 2270 2550 (Isth-

201 2578 391 2645 miae
440 2565 512 2641 id
550 2565 733 2670 super
773 2563 1268 2642 Demetriadem
1308 2572 1856 2665 promontorium
1913 2565 2004 2638 est
2038 2592 2271 2665 perop-

198 2694 493 2775 portune
516 2675 891 2771 objedhim)
935 2693 1038 2756 ut,
1086 2668 1137 2743 fi
1178 2668 1332 2772 quid
1372 2666 1530 2743 inde
1570 2688 1912 2743 moverent
1951 2666 2269 2743 Macedo-

202 2806 375 2855 num
406 2805 643 2864 nava,
687 2784 759 2851 in
803 2773 1125 2876 praefidio
1163 2771 1380 2849 effent.
1481 2772 1868 2847 Heraclides
1952 2769 2266 2848 raefedtus

199 2880 426 2983 regius
482 2877 745 2955 claffem
798 2883 902 2953 ‘ibi
954 2881 1245 2964 tenebat,
1287 2882 1497 2977 magis
1545 2905 1663 2980 per
1718 2802 2171 2964 censionem,
2216 2875 2268 2950 fi

192 3014 410 3088 quam
471 2984 885 3086 neglegentia
936 2983 1229 3057 hostium
1287 2976 1589 3065 dediss‘et,
1670 3010 1870 3083 quam
1931 3002 2145 3082 aperta
2199 2990 2269 3056 vi

195 3087 563 3191 quidquam
599 3085 874 3162 ausurus.
975 3092 1228 3162 Oreum
1257 3084 1494 3160 diverfi
1527 3090 1814 3161 Romani
1855 3107 2068 3165 etrex
2104 3094 2272 3160 Atta·

191 3195 301 3273 lus
332 3194 832 3293 obpugnabant:
880 3195 1172 3264 Romani
1199 3220 1235 3263 a
1266 3197 1597 3264 maritima
1624 3219 1803 3275 arce,
1843 3198 2010 3290 regii
2045 3190 2268 3263 adver-

189 3293 299 3371 sus
336 3298 578 3369 vallem
610 3304 780 3370 inter
806 3292 960 3369 duas
988 3303 1309 3391 jacentem
1335 3321 1548 3380 arem,
1596 3300 1719 3394 qua
1747 3315 1810 3365 et
1836 3321 2031 3366 muro
2076 3296 2268 3367 inter·

189 3397 383 3503 septa
407 3402 559 3473 urbs
593 3399 701 3473 est.
745 3422 809 3474 et
840 3420 910 3473 ut
932 3399 1083 3473 loca
1108 3394 1393 3483 diversa,
1433 3394 1523 3470 fic
1553 3394 1786 3496 dispari
1823 3393 2037 3468 modo
2065 3402 2263 3469 etiam

191 3505 702 3604 obpugnabant:
746 3508 1037 3577 Romani
1064 3499 1525 3591 testudinibus,
1570 3521 1634 3574 et
1669 3502 1916 3582 vineis,
1961 3519 2023 3569 et
2061 3506 2265 3584 ariete

187 3605 630 3682 admovendo
673 3615 910 3681 muris:
950 3614 1109 3707 regii
1146 3605 1447 3689 ballistis,
1493 3599 1986 3705 catapultisque,
2022 3622 2085 3674 et
2127 3601 2264 3677 alio

188 3718 397 3787 omni
440 3739 683 3813 genere
725 3733 1209 3786 tormentorum
1255 3710 1380 3783 tela
1417 3715 1802 3809 ingerentes.
1864 3727 1927 3780 et
1964 3703 2264 3805 pondere

185 3823 454 3916 ingenti
500 3812 645 3897 saxa
688 3816 1035 3911 jaciebant,
1089 3835 1151 3888 et
1176 3812 1547 3897 cuniculos,
1607 3830 1671 3886 et
1712 3806 2039 3916 quidquid
2081 3805 2262 3883 aliud

180 3927 417 4022 priore
447 3914 946 4023 obpugnatione
964 3908 1313 4019 ‘expertum
1338 3912 1691 4020 profuerat.
1795 3919 2105 3989 Ceterum
2123 3934 2264 4013 non

2119 4017 2261 4117 plu·
