2732 4671
441 257 588 329 534
939 297 950 309 ,
1191 255 1268 307 '‘r.
1372 258 1415 309 ι.
1459 193 1586 308 1,ον
1630 225 1661 304 i
1699 257 1726 304 r

353 407 392 475 '-
441 416 710 518 fortuna
739 444 1029 520 pugnae,
1069 440 1134 493 et
1162 446 1242 502 ex
1267 409 1545 520 ingenio
1572 416 1756 498 ducis
1786 416 2192 512 confodiam,
2244 419 2335 488 in-
2360 440 2495 515 quo

429 544 587 600 ⁴tum
633 533 684 597 is
724 552 966 623 pavore
996 520 1178 609 effer,
1221 552 1431 600 unum
1477 521 1558 596 de
1599 522 2011 596 auxiliaribus
2051 516 2265 618 specie
2307 541 2499 591 trans-

444 625 643 727 fugae
673 634 870 700 mittit
897 625 978 703 ad
1005 655 1180 712 eum,
1255 635 1315 700 ui
1333 654 1456 730 pro
1485 646 1831 726 comperto
1848 619 2158 698 adferret:
2200 627 2501 695 Achaeos

442 728 716 805 statuiss'e
745 730 1005 831 postero
1032 729 1139 805 die
1167 760 1202 803 a
1276 738 1589 806 Eurotam
1616 755 1882 803 amnem
1900 781 1921 811 ,
1975 734 2082 829 qui
2109 752 2323 825 prope
2350 732 2370 798 i
2379 724 2503 825 psrs

446 834 675 910 adfluit
705 839 1095 946 ¹moenibus,
1157 833 1472 936 progredi
1526 844 1633 931 Υ),
1683 854 1755 910 ut
1807 829 2314 906 intercluderent
2344 836 2506 917 iter,

446 967 535 1012 ne
579 968 657 1012 au
709 947 1071 1033 ‘tyrannus,
1120 967 1328 1040 quum
1372 939 1601 1024 vellet,
1650 958 1986 1038 receptum
2014 932 2094 1013 ad
2124 935 2358 1010 urbem
2385 938 2499 1006 ha·

444 963 710 1219 Ικῗῑῖἴγ
741 1064 847 1116 aut
900 1055 1309 1118 commeatus
1366 1046 1446 1122 ab
1493 1044 1651 1114 urbe
1692 1048 1767 1114 in
1811 1039 2009 1112 castra
2059 1026 2502 1137 portarentur:

444 1145 570 1238 firn
682 1154 873 1222 etiam
917 1166 1300 1233 tentaturus,
1356 1146 1408 1219 si
1453 1172 1735 1249 quorum
1773 1149 1980 1220 animi
2028 1139 2375 1218 sollicitari
2417 1137 2507 1215 ad'

445 1247 899 1332 defectionem
925 1279 963 1330 a
986 1273 1272 1345 tyranno
1310 1246 1581 1351 possent.
1682 1255 1844 1322 Non
1884 1273 2019 1322 tam
2060 1241 2269 1320 fidem
2311 1242 2501 1321 didit

443 1349 722 1462 perfuga
763 1350 957 1440 fecit,
1021 1383 1222 1455 quam
1265 1351 1561 1454 perculso
1606 1375 1787 1425 metu
1842 1346 2261 1450 relinquendi
2301 1347 2505 1426 eafha

447 1454 730 1529 cau-{sam
757 1459 1164 1559 probabilem
1190 1461 1500 1558 praebuit.
1604 1457 1868 1529 Postero
1901 1451 2006 1526 die
2052 1458 2500 1553 Pythagoram

275 1591 282 1598 ²
401 1588 600 1640 ,cum
642 1563 1057 1640 auxiliaribus
1093 1583 1156 1635 et
1198 1570 1479 1664 equitatu
1526 1560 1867 1636 stationem
1905 1584 2094 1657 agere
2135 1583 2260 1656 pro
2321 1556 2503 1634 vallo

442 1662 632 1762 juffit.
673 1662 840 1763 ipse,
897 1687 1232 1766 tamquam
1267 1673 1343 1739 in
1404 1672 1619 1739 aciem
1674 1691 1830 1737 cum
1888 1665 2131 1738 robore
2179 1667 2504 1734 exercitus

445 1764 760 1871 egressus,
794 1766 974 1868 figna
1005 1776 1187 1842 ocius
1218 1765 1380 1849 ferri
1406 1767 1488 1841 ad
1522 1769 1749 1846 urbem
1783 1762 1967 1861 jussit.

495 1895 500 1902 ·
598 1876 792 1960 XXX.
843 1873 1368 1972 Philopoemen,
1406 1871 1755 1971 postquam
1796 1877 2064 1944 citatum
2102 1893 2350 1967 agmen
2384 1892 2507 1965 per

447 1974 787 2072 angustam
835 1996 899 2048 et
935 1977 1305 2075 proclivem
1350 1982 1528 2050 viam
1573 1971 1727 2046 duci
1754 1979 1997 2073 raptim
2024 1968 2224 2054 vidit,
2263 1977 2505 2070 equita-

444 2097 592 2149 tum
639 2104 916 2154 omnem
960 2100 1022 2151 et
1061 2078 1473 2153 Cretenfium
1512 2076 1853 2152 auxiliares
1891 2084 1966 2151 in
1996 2075 2342 2162 stationem
2386 2079 2507 2146 ho·

444 2176 677 2266 stium,
730 2208 892 2283 quae
936 2210 1059 2282 pro
1101 2184 1317 2258 castris
1362 2201 1533 2267 erat,
1574 2186 1836 2254 emittit.
1936 2180 2081 2264 Illi,
2122 2180 2239 2251 ubi
2285 2177 2503 2254 hostes

445 2280 691 2371 adeffe,
740 2306 801 2361 et
833 2315 870 2359 a
896 2283 1023 2363 suis
1048 2285 1113 2361 se
1141 2283 1422 2364 desertos
1448 2282 1788 2370 viderunt,
1831 2290 2055 2385 primo
2083 2289 2155 2356 in
2182 2281 2386 2359 castra
2413 2308 2509 2357 re-

449 2392 669 2489 cipere
709 2387 775 2464 se
817 2399 1034 2465 conati
1070 2389 1256 2466 suntt
1308 2389 1586 2477 deinde,
1629 2389 1978 2491 postquam
2004 2387 2307 2465 instruetur
2335 2393 2510 2461 acie:

449 2511 585 2567 tota
609 2500 1028 2569 Achaeorum
1056 2490 1564 2579 admovebatur,
1603 2513 1785 2573 metu
1812 2522 1897 2568 ne
1923 2520 2077 2566 cum
2102 2490 2259 2593 ipfis
2284 2490 2506 2569 castris

309 2620 329 2667 ·.
450 2618 865 2695 caperentur,
924 2595 1104 2703 sequi
1149 2597 1424 2673 suorum
1470 2625 1714 2699 agmen
1738 2596 2149 2697 aliquantum
2183 2589 2511 2697 praegres-

311 2734 318 2747 ·
449 2695 598 2773 sum
638 2708 652 2721 ‘
759 2702 944 2784 stunt.
1043 2703 1404 2802 Extemplo
1436 2709 1698 2776 caetrati
1724 2706 2153 2780 Achaeorum
2192 2706 2265 2775 in
2305 2697 2511 2773 castra

445 2807 566 2901 inp
777 2800 1060 2891 faciunt,
1097 2827 1159 2880 et
1186 2806 1500 2905 diripiunt
1551 2815 1657 2900 ²):
1696 2811 1891 2879 ceteri
1916 2800 2003 2877 ad
2027 2798 2514 2904 persequendos

447 2906 665 2979 hostes
703 2914 796 2980 ire
835 2931 1134 3008 pergunt.
1274 2915 1433 2982 Erat
1468 2918 1596 2982 iter
1638 2909 1800 2995 tale,
1841 2936 1959 3010 per
1994 2904 2179 3011 quod
2198 2913 2311 2983 vix
2338 2928 2514 2984 tran-

451 3008 741 3108 quillum
770 3013 850 3085 ab
879 3011 1104 3083 hostili
1136 3031 1318 3087 metu
1341 3040 1583 3113 agmen
1611 3011 1911 3112 expediri
1949 3008 2173 3112 poffet.
2277 3015 2374 3083 Ut
2400 3037 2512 3081 ve-

405 3130 414 3135 *
449 3138 528 3183 ro
559 3110 641 3185 ad
667 3111 1035 3211 postremos
1062 3115 1394 3215 proelium
1426 3136 1647 3190 ortum
1679 3117 1804 3204 est,
1845 3116 2228 3216 clamorque
2254 3115 2516 3187 terribi-

451 3213 532 3287 lis
558 3243 595 3286 a
624 3238 809 3318 tergo
839 3225 1216 3318 paventium
1248 3217 1332 3297 ad
1356 3228 1572 3322 prima
1599 3220 1782 3322 figna
1811 3220 1901 3293 est
1927 3220 2240 3319 perlatus,
2287 3245 2418 3318 pro
2446 3212 2520 3293 se

341 3364 354 3373 -
452 3317 757 3496 guifque,
814 3329 1009 3399 armis
1049 3324 1352 3420 abjectis,
1423 3332 1501 3398 in
1540 3326 1985 3420 circumjechs
2038 3328 2265 3396 itineri
2321 3319 2518 3400 silvas

500 3419 830 3523 iffugiunt,
880 3445 1356 3529 momentoque
1384 3430 1931 3530 temporisslrage
1952 3453 2301 3501 annorum
2339 3422 2522 3525 septa

448 3535 558 3602 via
583 3529 707 3615 est,
745 3539 1035 3605 maxime
1065 3531 1297 3621 hastis3
1336 3528 1525 3634 quae,
1566 3533 1912 3635 pleraeque
1938 3527 2242 3615 adversae
2269 3525 2507 3607 caden-

453 3658 569 3717 tes,
617 3633 795 3707 velut
821 3636 998 3708 vallo
1025 3638 1286 3731 objecto
1314 3644 1440 3710 iter
1464 3634 1899 3738 inpediebant.
1995 3635 2524 3734 Philopoemen,

329 3760 340 3763 ’
451 3755 807 3838 utcumque
845 3736 1131 3836 pollent,
1184 3739 1419 3815 instare
1447 3762 1510 3813 et
1544 3738 1843 3841 persequi
1872 3739 2288 3815 auxiliaribus
2315 3736 2520 3834 juffis,

452 3838 721 3941 (utique
767 3849 951 3921 enim
994 3846 1324 3945 equitibus·
1352 3843 1531 3921 haud
1566 3842 1839 3919 facilem
1896 3840 2186 3917 futuram
2236 3839 2522 3941 fugam)

447 3940 584 4043 ipse
620 3952 880 4046 gravius
921 3974 1165 4048 agmen
1205 3955 1312 4025 via
1347 3957 1721 4051 patentiore
1756 3947 1839 4031 ad
1877 3954 2198 4035 Eurotam
2235 3973 2523 4022 amnem

2308 4048 2519 4125 dedu·

522 4178 596 4247 y)
623 4181 872 4243 procedere
897 4185 1064 4239 erm
1089 4187 1239 4245 οταν,
1517 4183 1597 4257 z)
1636 4150 1686 4243 ἐι
1710 4182 1959 4255 airtptm
1992 4183 2096 4239 del.
2127 4185 2273 4240 cm.
