2732 4671
709 240 1870 301 ttn.x<xxv1114car.xru
2018 210 2019 213 ¹
2157 219 2306 301 681

249 400 540 491 Consul,
598 403 991 480 conlaudato
1043 411 1313 501 juvene,
1375 430 1531 481 curn
1590 405 1901 481 omnibus
1957 404 2168 507 copiis
2219 403 2310 481 ad

247 508 689 586 Maeandrum
732 505 1133 611 progressus,
1183 507 1381 583 castra
1415 506 1662 611 posuit,
1713 517 1863 613 quia
1909 509 2081 584 vado
2123 505 2311 612 supe·

247 619 377 687 rari
410 621 625 688 amnis
655 641 794 687 non
811 616 1102 712 poterat,
1145 634 1207 687 et
1232 611 1718 691 contrahendae
1762 642 1965 689 naves
2001 636 2186 688 erant
2218 612 2307 689 ad
2376 640 2379 643 “

248 725 610 792 exercitum
657 715 1125 809 trajiciendum.
1266 715 1676 821 Transgreffi
1729 716 2172 794 Maeandrum
2214 708 2307 793 ad
2417 764 2436 803 „s
2474 720 2516 813 j

246 827 504 897 Hieran
525 828 803 917 ‚Comen
826 839 1277 921 pervenerunt.
1614 899 1622 909 ,
1712 850 1717 855 ·
1872 832 1873 835 ’
2026 830 2031 837 ’

203 924 242 1011 f
391 929 565 999 XIII.
607 931 859 1000 Fanum
894 926 986 1003 ibi
1030 925 1374 1026 augustum
1414 926 1751 1028 Apollinis
1804 945 1870 1000 et
1923 922 2309 999 oraculum:

245 1024 449 1107 sortes
498 1027 781 1125 versibus
842 1025 1019 1109 haud
1087 1027 1452 1107 inconditis
1519 1028 1670 1123 dare
1742 1052 1911 1105 vates
1984 1027 2311 1103 dicuntur.

248 1138 439 1210 Hinc
478 1133 696 1223 alteris
735 1132 950 1210 eastris
991 1130 1075 1207 ad
1122 1129 1498 1236 Harpasum
1552 1134 1809 1210 flumen
1858 1153 2136 1207 ventum
2182 1132 2312 1206 este
2407 1140 2413 1147 ’

245 1262 385 1338 quo
421 1236 620 1338 legati
663 1240 762 1327 ab,
785 1234 1142 1313 Alabandis
1185 1259 1542 1321 venerunt,
1592 1260 1665 1311 ut
1707 1238 2074 1323 castellum,
2127 1232 2319 1336 quod,

247 1342 327 1414 ab
354 1338 506 1442 ipfis
532 1368 747 1441 nuper
774 1338 1096 1430 descisset,
1132 1362 1240 1416 aut
1268 1344 1673 1427 auitoritate,
1698 1364 1824 1429 *aut
1852 1348 2074 1425 armis,
2118 1348 2331 1441 coge·-¹

246 1463 348 1518 ret
386 1452 522 1541 jura
561 1453 824 1547 antiqua
868 1453 1020 1547 pati.
1117 1442 1387 1520 Eodem
1428 1466 1490 1519 et
1532 1443 1941 1531 Rthenaeus,
1988 1449 2312 1519 Eumenis
2379 1514 2386 1525 ,

245 1567 313 1620 et
337 1548 538 1624 Attali
567 1545 796 1635 frater,
848 1578 1004 1624 cum
1049 1547 1352 1625 cretenfi.
1383 1545 1595 1624 Leuso
1635 1571 1701 1623 et
1738 1554 2044 1650 Corrago
2082 1553 2315 1622 Mace·

246 1648 428 1727 done
464 1659 660 1729 venit.
704 1652 896 1729 mille
915 1650 1185 1753 pedites
1224 1659 1584 1730 mixtarum
1632 1661 1924 1753 gentium
1966 1675 2032 1727 et
2071 1671 2316 1725 trecen·

243 1775 350 1861 tos
397 1763 640 1857 equites
669 1753 900 1830 secum
936 1754 1364 1832 adduxerunt.
1477 1754 1771 1843 Consul,
1822 1758 2089 1831 tribuno
2134 1756 2319 1829 mili·

242 1877 394 1934 tum
423 1855 619 1931 misso
648 1888 802 1935 cum
836 1860 1101 1935 modim
1128 1887 1328 1935 manu
1345 1914 1368 1945 ,
1409 1860 1741 1935 castellum
1772 1868 1840 1934 vi
1874 1879 2139 1962 capttun
2166 1860 2319 1934 Ala·

240 1959 674 2037 bandenfibus
710 1960 944 2038 reddit.
991 1958 1169 2064 ipse,
1205 1964 1385 2038 nihil
1419 1971 1524 2039 via
1562 1949 1625 2038 di
1677 1962 1907 2051 ress‘uS,
1965 1961 2049 2038 ad
2081 1969 2320 2037 Antio·

237 2071 469 2139 chiam
497 2064 688 2165 super
711 2065 1161 2142 Maeandnun
1200 2096 1476 2142 amnem
1520 1991 1740 2169 poliat
1779 2069 1996 2144 castra.
2098 2072 2321 2165 Hujus

199 2222 204 2227 -
237 2176 461 2246 amnis
499 2165 720 2243 fontes
758 2170 1060 2243 Celaenis
1103 2176 1423 2243 oriuntur.
1569 2173 1892 2245 Celaenae
1935 2172 2085 2245 urbs
2125 2190 2322 2272 caput

238 2270 591 2378 quondam
619 2276 951 2374 Phrygiae
981 2268 1124 2345 fuit.
1170 2278 1534 2373 migratum
1563 2271 1717 2345 inde
1740 2273 1916 2348 haud
1941 2276 2183 2374 procul
2208 2302 2322 2348 ve·

239 2379 491 2453 teribus
529 2376 872 2473 Celaenisf,
900 2402 1251 2477 novaeque
1290 2377 1441 2450 urbi
1486 2381 1816 2475 Apameae
1856 2404 2114 2453 nomen
2150 2375 2323 2452 indi·
2442 2445 2457 2474 ·.

161 2473 170 2502 ¹
234 2502 393 2561 tum
420 2483 502 2555 ab
532 2488 592 2555 A
642 2507 867 2564 amca,
905 2477 1133 2554 sorore
1159 2478 1420 2553 Seleuci
1456 2485 1643 2579 regis.
1740 2485 1827 2552 Et
1851 2477 2151 2573 Marsyas
2180 2508 2323 2554 am·

238 2592 391 2671 nis,
436 2591 563 2659 hau
634 2585 870 2685 procul
894 2612 931 2657 a
957 2581 1312 2660 Maeandri
1339 2577 1632 2656 fontibus
1660 2590 1917 2668 orienS,
1960 2591 2035 2657 in
2050 2589 2324 2674 Mae-ne

238 2687 449 2766 drum
477 2686 666 2764 eadit.
766 2692 1094 2790 Famaque
1121 2695 1213 2764 ita
1240 2707 1435 2773 tenet,
1489 2686 1783 2762 Celaenis
1794 2685 2143 2783 Marsyam
2159 2687 2331 2782 cum
2352 2687 2403 2730 ‘⁶¹‘

241 2791 570 2894 Apolline
593 2794 918 2868 tibiarum
959 2813 1154 2866 cantu
1193 2787 1469 2865 certasse.
1600 2782 1998 2878 Maeander,
2049 2819 2130 2865 ex
2169 2819 2324 2867 arce

241 2892 514 2976 summa
556 2895 992 2974 Celaenarum
1033 2915 1248 2980 ortus,
1306 2891 1530 2968 media
1571 2896 1732 2968 urbe
1774 2883 2154 2983 decurrens,
2201 2922 2325 2997 pet

247 3007 454 3082 Caras
494 3007 827 3101 primum,
881 2997 1126 3076 deinde
1167 3004 1399 3084 Ionas,
1449 3006 1525 3072 in
1567 2997 1785 3074 finum
1838 3007 2036 3074 maris
2083 2998 2324 3088 editur,

250 3111 373 3208 qui
401 3112 570 3181 inter
595 3108 918 3180 Prienen.y
930 3109 957 3200 )
990 3123 1054 3178 et
1082 3104 1403 3180 Miletum
1429 3101 1541 3176 est.
1643 3100 1755 3178 Ad
1782 3110 2218 3179 Antiochiam
2245 3110 2324 3182 in

249 3206 458 3282 castra
492 3205 1129 3295 consulissteleucus,
1169 3212 1491 3281 Antiochi
1519 3207 1730 3294 filius,
1778 3237 1859 3282 cx
1887 3205 2159 3285 foedere
2178 3209 2322 3282 icto

249 3335 417 3386 cum
463 3316 809 3410 Scipione,
864 3309 949 3385 ad
989 3307 1402 3388 frumentum
1445 3318 1753 3385 exercitui
1790 3310 2082 3390 dandum
2124 3318 2326 3388 venit.

252 3419 460 3491 Parva
498 3409 871 3516 disceptatio
913 3412 997 3488 de
1035 3415 1235 3489 Attali
1286 3414 1697 3491 auxiliaribus
1738 3435 1884 3487 orta
1923 3415 2055 3503 est3
2114 3413 2322 3516 quod,

254 3523 579 3599 Romano
609 3540 861 3598 tantum
889 3519 1089 3598 militi
1108 3572 1131 3604 ,
1170 3519 1439 3619 pac-‘lum
1476 3522 1929 3604 Antiochum,
1968 3539 2040 3590 ut
2065 3514 2324 3595 daretur

259 3619 712 3710 frumentum,
764 3623 1068 3698 seleucus
1111 3620 1387 3698 dicebat.
1487 3617 1773 3695 Discussa
1810 3649 1885 3694 ea
1924 3648 2189 3722 quoque
2232 3619 2326 3700 est

261 3729 617 3803 constantia
644 3726 965 3815 consuliS,
1013 3735 1126 3830 qui
1171 3722 1441 3802 dimiffo
1468 3728 1748 3818 *tribuno
1789 3723 2024 3810 edixit,
2065 3752 2156 3799 ne
2187 3726 2324 3798 Ro·

258 3839 447 3910 mani
483 3833 725 3912 milites
764 3839 1165 3934 acciperent,
1217 3828 1590 3933 priusquam
1623 3831 1825 3905 Attali
1867 3829 2105 3908 auxilia
2146 3854 2324 3903 acce·

258 3932 510 4046 pilsent.
609 3930 776 4011 Inde
800 3933 884 4015 ad
913 3936 1403 4022 Gordiutichos,
1450 3931 1629 4039 quod
1655 3953 1914 4022 vocant,
1947 3930 2321 4116 Pmoeffgstm

1250 4046 1375 4121 vv
1417 4063 1457 4128 ς
2296 4092 2317 4122 0

361 4170 438 4244 y)
476 4174 700 4232 Prima
736 4175 908 4236 Gru.
