2732 4671
771 221 794 255 '²
860 253 1019 305 ιη.
1060 254 1409 303 xxv111.
1490 226 1675 309 ca'r.
1735 260 1829 309 rx
2221 268 2377 343 147

295 442 405 490 vas
447 412 851 517 montesque
894 413 1149 518 refugit.
1251 423 1536 506 Pecora,
1603 449 1763 524 quae
1803 429 1971 499 inter
2009 422 2367 519 festinatio.

285 546 456 595 nem
490 523 678 621 abigi
723 527 1141 621 nequierant,
1191 517 1344 595 sunt
1377 523 1628 626 direpta
1653 535 1808 619 etin
1838 530 2031 604 naves
2061 538 2362 636 compul-

279 621 379 701 sa.
482 630 661 697 Cum
691 630 797 698 his
828 644 1163 728 ceteraque
1189 618 1462 726 pracda,
1502 636 1595 704 Ni
1642 637 1656 650 ‘
1770 624 2033 707 raetore'
2062 643 2358 714 Achaeo·

284 755 450 801 rum
497 734 785 828 Aegium
831 726 1059 815 miffo,
1124 756 1334 830 quum
1372 737 1612 806 Corint
1821 736 2100 851 petiiset,
2167 741 2360 843 pede-

287 831 453 905 stres
489 831 640 905 inde
664 840 884 931 copias
914 860 1030 932 per
1058 838 1405 908 Boeotiam
1434 857 1599 928 terra
1629 839 1780 911 duci
1808 838 1993 934 juffit.
2047 843 2220 942 ipse,
2271 850 2351 921 ab
2414 888 2421 903 =

286 940 651 1009 Cenchreis
688 958 941 1037 praeter
982 958 1220 1010 terram
1258 945 1551 1012 Atticam
1594 938 1785 1042 super
1836 948 2119 1018 Sunium
2177 959 2353 1037 navi-

285 1066 496 1140 gam,
547 1046 715 1115 inter
757 1038 1012 1139 'medias
1054 1067 1262 1140 prope
1321 1040 1617 1118 hostium
1661 1042 1914 1132 claffes,
1962 1040 2354 1129 Chalcidem

285 1150 616 1244 pervenit.-
649 1142 839 1230 inde,
882 1143 1270 1219 conlaudata
1297 1146 1429 1219 fide
1457 1177 1532 1220 ac
1578 1156 1841 1239 virtute,
1909 1151 2089 1253 quod
2132 1183 2352 1258 neque

269 1253 534 1333 timor,
581 1274 794 1349 neque
839 1244 980 1348 spes
1019 1245 1614 1339 fiexiffent=eorum
1656 1250 1955 1343 animos3
2031 1256 2346 1334 hortatus·
2434 1246 2451 1255 „

263 1422 272 1447 ⁴,
332 1378 418 1425 ue
463 1357 542 1423 in
578 1353 952 1451 posterum,
1007 1373 1078 1425 ut
1116 1352 1348 1425 eadem
1388 1350 2235 1457 constantiapermanerent
2268 1370 2347 1438 in

273 1379 628 1541 Focietate,
688 1454 740 1528 ss
782 1452 998 1540 suam,
1055 1484 1256 1557 quam
1298 1462 1731 1533 Oritanorum
1779 1482 1968 1564 atque
2015 1469 2345 1565 Opuntio-

276 1587 469 1644 rum,
521 1554 866 1633 sommam
907 1558 1215 1647 mallent3
1268 1564 1345 1634 ab
1387 1560 1704 1638 Chalcide
1751 1570 2009 1640 Oreum
2060 1577 2338 1670 navigat,

275 1669 788 1765 principumque
830 1670 942 1750 iis,
1003 1660 1386 1766 qui-fugere
1423 1691 1611 1767 ⁸capta
1639 1669 1833 1755 urbe,
1888 1698 2084 1773 quam
2116 1670 2180 1744 se
2210 1677 2346 1747 Ro-

277 1774 493 1840 manis
521 1765 810 1854 tradere,
855 1767 1247 1855 maluerant,
1287 1766 1545 1844 summa
1578 1798 1798 1845 rerum
1832 1794 1894 1844 et
1922 1773 2209 1849 custodia
2237 1805 2343 1849 ur-

275 1868 760 1970 bkpemiffa,
803 1877 823 1944 i
876 1869 940 1943 se
979 1871 1474 1959 Demetriadem
1515 1877 1597 1948 ab
1636 1876 1942 1962 Euboea,
1993 1877 2168 1952 unde
2211 1887 2344 1981 pri-

275 2002 395 2048 mo
434 1972 521 2049 ad
547 2001 770 2074 opem
813 1900 1158 2050 {lesendam
1198 1971 1393 2050 sociis
1451 1974 1791 2078 profectus
1842 2002 2007 2067 erat,
2068 1992 2334 2079 trajecit.

257 2074 698 2165 ,caffandreae
724 2077 964 2153 deinde
998 2084 1264 2154 cent'hm
1291 2089 1564 2156 navium
1589 2082 1942 2183 longarum
1974 2094 2207 2161 carinis
2220 2117 2339 2191 po·

269 2179 449 2268 fitis,
504 2186 957 2284 contractaque
1000 2181 1082 2256 ad
1121 2182 1436 2259 effectum
1482 2193 1613 2281 ejus
1656 2194 1870 2285 operis
1912 2186 2336 2267 multitudine

272 2281 621 2360 fabrorum
661 2282 1027 2375 navalium,
1087 2294 1237 2388 quia
1280 2280 1378 2360 reis
1419 2297 1494 2363 in
1532 2294 1807 2362 Graecia
1849 2292 2228 2392 tranquillas
2263 2316 2329 2369 et

270 2387 615 2490 profectio
654 2393 853 2468 Attali
891 2388 1171 2474 fecerat,
1213 2412 1276 2462 et
1319 2398 1395 2465 in
1426 2411 1728 2491 tempore
1755 2393 2194 2488 laborantibus
2231 2394 2334 2471 so-

271 2492 397 2566 ciis
419 2493 622 2567 latum
644 2499 722 2569 ab
749 2493 815 2570 se
840 2495 1203 2606 auxilium,
1241 2517 1416 2567 retro
1447 2501 1521 2566 in
1543 2521 1826 2594 regnum
1854 2491 2204 2594 eonceffit,
2257 2522 2332 2576 ut

267 2595 595 2672 Dardanis
618 2600 865 2674 bellum
890 2595 1179 2673 inferret.
1872 2605 1875 2608 ’

417 2707 528 2776 ΙΧ.
569 2701 889 2780 Extremo
918 2699 1161 2776 aestatis
1193 2708 1355 2798 ejus,
1402 2729 1533 2802 qua
1553 2704 1716 2773 haec
1739 2708 1814 2775 in
1844 2705 2112 2777 Graecia
2151 2705 2329 2806 gesta

255 2801 442 2891 sunt,
506 2832 711 2910 quum
752 2810 1111 2908 QFabius
1152 2811 1445 2881 Maximi
1483 2803 1655 2878 filius
1724 2802 1790 2902 Β)
1839 2805 2087 2908 legatus
2114 2813 2193 2883 ab
2217 2813 2322 2884 M.

259 2914 456 2983 Livio
486 2908 760 2984 consule
786 2915 1080 2985 Romam
1104 2907 1189 2983 ad
1211 2906 1505 2982 senatum
1536 2906 1922 2996 nunciaffet,
1985 2907 2327 2991 consulem

257 3010 405 3087 latis
434 3012 742 3114 praesidii
775 3015 1022 3091 Galliae
1045 3019 1424 3115 provinciae
1439 3012 1702 3087 credere
1730 3017 1801 3088 L.
1830 3016 2145 3092 Porcium
2163 3046 2324 3094 cum

255 3113 386 3191 suis
414 3118 788 3219 legionibus
812 3115 968 3193 effe:
1009 3115 1326 3192 decedere
1352 3111 1418 3190 se
1444 3115 1636 3202 inde,
1677 3145 1754 3190 ac
1793 3115 2028 3193 deduci
2076 3121 2320 3196 exerci—

257 3239 405 3294 tum
453 3219 867 3296 consularem
905 3219 1125 3322 poffe3
1173 3227 1382 3293 Patres
1425 3248 1568 3293 non
1606 3225 1709 3295 M.
1748 3226 2014 3295 Livium
2059 3245 2319 3299 tantum

239 3322 476 3400 redire
501 3322 585 3397 ad
611 3328 839 3399 urbem
856 3380 878 3412 ,
920 3322 1029 3399 sed
1059 3325 1386 3424 collegam
1415 3350 1680 3425 quoque
1705 3330 1835 3419 'ejus
1865 3327 1942 3396 C.
1961 3324 2321 3404 Claudium

252 3425 584 3524 jusserunt.
724 3427 805 3503 Id
843 3426 1056 3505 modo
1080 3437 1156 3504 in
1181 3426 1441 3501 decreto
1472 3422 1808 3514 interfuit,
1858 3426 2040 3527 quod
2083 3431 2185 3503 M.
2214 3434 2321 3503 Li-

252 3539 356 3605 vii
382 3541 740 3608 exercitum
763 3532 1022 3621 reduci,
1071 3533 1127 3631 ¹)
1178 3537 1462 3607 Neronis
1486 3530 1782 3630 legiones
1811 3532 2173 3606 Hannibali
2204 3534 2321 3606 ob·

257 3633 494 3733 positas
525 3663 792 3712 manere
835 3645 910 3711 in
948 3644 1296 3738 provincia
1333 3632 1657 3731 jusserunt.
1800 3637 1979 3710 Inter
2019 3633 2317 3711 consules

256 3744 347 3810 ita
376 3765 491 3837 per
513 3740 728 3815 literas
757 3739 1107 3828 convenit,
1142 3760 1260 3836 ut,
1286 3732 1863 3842 ‚quemadmodum
1911 3767 2051 3814 uno
2082 3747 2313 3814 animo

249 3844 738 3943 rempublicam
776 3842 1129 3946 geffissent,
1182 3851 1305 3932 ita,
1368 3869 1772 3948 quamquam
1801 3872 1883 3917 ex
1918 3840 2182 3918 diverfis
2218 3869 2315 3915 re··

244 3949 560 4046 gionibus
598 3957 1035 4025 convenirent
1051 4005 1073 4037 ,
1124 3971 1261 4024 uno
1303 3967 1608 4047 tempore
1662 3942 1746 4019 ad
1794 3945 2029 4023 urbem
2054 3942 2316 4022 accede·

915 4053 926 4056 Ἰ
1119 4128 1136 4132 ,
1316 4057 1377 4127 K
1413 4074 1458 4124 2
2004 4135 2011 4140 κ
2145 4068 2310 4123 rent.

241 4227 248 4234 .
305 4181 391 4254 k)
429 4187 686 4244 Maximus
706 4200 850 4257 pater
874 4163 1038 4266 Gron-
1056 4190 1206 4250 Ctev.
1346 4184 1409 4254 l)
1447 4184 1617 4251 deind
1658 4183 1807 4239 Crev.
1964 4179 1977 4189 ‘
2286 4165 2291 4171 ⁴
