2732 4671
454 237 613 317 780
1137 216 1853 296 '¹r.‘1.1v11‘

451 414 533 496 Q.
561 412 929 495 Naevium,
980 430 1181 512 quem
1211 396 1488 511 quatuor
1515 414 1931 500 nonminus¹
1954 401 2244 492 menses,
2304 402 2520 509 ptius-

452 541 652 616 quam
682 521 754 586 in
782 512 1151 588 Sardiniam
1178 520 1334 599 iret,
1385 512 1780 614 quaestiones
1819 512 2163 597 veneficii,
2195 550 2200 577 ε
2227 539 2519 613 quarum

451 630 766 719 magnam
793 640 1045 719 partem
1074 637 1247 691 extra
1273 617 1506 690 urbem
1537 643 1654 717 per
1692 623 2058 715 municipia
2104 618 2524 689 conciliabu-

448 721 643 823 laque
674 724 931 807 habuit,
976 729 1124 824 quia
1150 728 1236 795 ita
1261 726 1465 821 aptius
1493 716 1705 794 visum
1740 739 1907 805 erat,
1962 738 2339 793 tenuerunt.
2442 724 2517 794 si

338 854 345 863 ¹
450 830 700 900 Antiati
740 825 1007 900 Valerio
1048 823 1310 898 credere
1348 823 1538 909 libet,
1597 821 1679 897 ad
1711 821 1847 897 duo
1889 828 2260 902 hominum
2287 824 2514 897 millia

426 924 801 1004 damnavit.
943 935 1030 1002 Et
1083 935 1155 1003 L.
1201 927 1572 1003 Postumius
1616 948 1911 1027 praetor,
1965 935 2077 1001 cui
2121 931 2516 1001 Tarentum
2551 960 2560 971 ·

450 1039 801 1136 provincia
827 1054 1143 1128 evenerat,
1194 1056 1463 1132 magnas
1489 1030 1822 1131 pastorum
1853 1038 2346 1126 conjurationes
2376 1039 2519 1104 vin·

452 1135 719 1222 dicavit,
748 1155 813 1211 et
840 1138 1142 1239 reliquias
1168 1136 1674 1210 Bacchanalium
1702 1134 2093 1237 quaestionis
2118 1162 2285 1208 cum
2314 1142 2516 1209 omni

404 1233 415 1247 ⁸
453 1237 781 1315 exsecutus
809 1240 900 1313 est
945 1267 1113 1313 cura.
1172 1240 1455 1326 multos,
1495 1246 1608 1341 qui
1641 1258 1747 1312 aut
1771 1245 1947 1311 citati
1970 1264 2113 1311 uon
2139 1234 2514 1325 adfinemnt.

454 1365 565 1419 aut
596 1341 786 1417 vades
814 1340 1251 1430 deseruerant,
1293 1351 1370 1416 in
1397 1371 1472 1417 ea
1500 1349 1773 1443 regione
1800 1342 2019 1418 Italiae
2045 1342 2345 1430 latentes,
2375 1368 2512 1443 pan

446 1455 575 1521 tim
606 1454 847 1522 noxios
874 1447 1218 1542 judicavit,
1253 1456 1494 1549 partim
1525 1442 2036 1548 comprehensos
2073 1450 2387 1522 Romam
2430 1442 2512 1519 ad

444 1546 746 1626 senatum
774 1550 965 1627 misit.
1009 1559 1087 1625 in
1116 1578 1446 1627 carcerem
1472 1576 1710 1625 omnes
1751 1579 1791 1624 a
1815 1554 1883 1623 P.
1920 1550 2252 1624 Cornelio
2294 1560 2512 1647 conje-

443 1649 731 1729 dhisum.
1210 1702 1215 1705 Δ
1801 1734 1805 1739 ,

442 1796 447 1801 ·
594 1764 786 1834 XLII.
840 1764 921 1832 In
967 1754 1287 1859 Hispania
1330 1757 1680 1844 ulteriore,
1726 1753 1948 1831 fractis
1976 1756 2507 1857 proximobello

450 1861 797 1948 Lusitanis,
849 1869 1103 1963 quietae
1126 1857 1538 1935 resi-'uerunt
1676 1867 1757 1933 In
1786 1868 2090 1935 citeriore
2133 1867 2220 1933 A.
2250 1864 2509 1935 Teren—
2559 1856 2564 1862 ⁴

446 1974 571 2040 tius
618 1975 689 2038 in
729 1961 1103 2038 Sueffetanis
1148 1962 1478 2063 oppidum
1510 1964 1936 2037 Corbionem
1965 1971 2174 2037 vineis
2202 1984 2278 2038 et
2304 1971 2508 2065 operi·

446 2070 563 2142 bus
625 2074 1053 2167 expugnavit,
1137 2073 1428 2166 captivos
1467 2063 1818 2142 ·vendidit:
1873 2074 2092 2170 quieta
2127 2065 2383 2142 deinde
2411 2074 2505 2142 hi·

442 2174 643 2245 berna
666 2193 728 2244 et
756 2177 1025 2244 citerior
1064 2176 1416 2271 provincia
1454 2174 1698 2245 habuit.
1833 2177 2108 2246 Veteres
2145 2193 2503 2272 praetores,

446 2276 942 2377 &Calpurnius
982 2272 1130 2349 Pifo
1169 2294 1232 2349 et
1271 2280 1349 2349 L.
1385 2278 1770 2373 Qinc‘tius,
1801 2279 2122 2350 Romam
2152 2274 2502 2351 redierunt.

444 2388 707 2486 utrique
736 2406 981 2481 magno
1005 2385 1268 2454 Patrum
1297 2376 1614 2454 consensu
1644 2385 2012 2479 triumphus
2053 2377 2150 2452 est
2188 2378 2502 2455 decretus.

443 2490 639 2560 Prior
674 2490 751 2558 C.
795 2486 1185 2584 Calpurnius
1222 2480 1305 2557 de
1332 2482 1645 2557 Lusitanis
1676 2505 1741 2557 et
1768 2485 2111 2558 Celtiberis
2141 2491 2502 2586 triumpha·

438 2597 555 2662 vit.
601 2616 880 2663 coronas
902 2615 1122 2661 aureas
1151 2587 1297 2661 tulit
1319 2589 1654 2688 octoginta
1679 2607 1841 2674 tres,
1879 2611 1945 2662 et
1970 2585 2502 2663 duodecimmil-

440 2692 530 2766 lia
558 2689 792 2793 pondo
817 2698 1090 2791 argenti.
1241 2695 1487 2765 Paucos
1529 2690 1676 2792 post
1714 2690 1853 2765 dies
1876 2697 1946 2765 L.
1977 2696 2338 2793 Qin&ius
2366 2700 2501 2767 Cri·

441 2794 666 2896 spinos
727 2822 811 2869 ex
865 2791 1101 2869 iisdem
1145 2792 1457 2868 Lufitanis
1513 2791 1984 2897 Celtiberisque
2041 2803 2498 2897 triumphavit.

426 2898 852 2973 ⁴tantumdem
896 2908 1040 2973 auri
1079 2920 1267 3001 atque
1309 2907 1561 3000 argenti
1591 2906 1673 2973 in
1708 2906 2186 3001 eotriurnpho
2235 2899 2493 2974 masla-

436 3020 606 3077 tum;
708 2999 1063 3087 Censorem,
1102 3006 1204 3075 M.
1234 3008 1505 3076 Porcius
1532 3022 1596 3075 et
1621 3009 1691 3078 L.
1724 3004 2053 3090 Valerius,
2109 3024 2289 3078 metu
2324 3010 2498 3076 mix·

437 3130 502 3179 ta
546 3105 1058 3206 exspectatione,
1110 3102 1405 3179 senatum
1449 3106 1783 3207 legerunt:
1834 3103 2086 3208 septem
2143 3129 2502 3182 moverunt

434 3206 676 3282 senatu.
719 3237 801 3282 ex
843 3211 1071 3309 quibus
1108 3235 1324 3281 unum
1357 3208 1688 3309 insignem
1717 3233 1783 3285 et
1811 3213 2256 3286 nobilitatoet
2288 3219 2498 3288 hono-

392 3339 407 3350 *
439 3315 655 3401 ribuS‚
695 3317 766 3388 L.
793 3315 1184 3411 Qtinffium
1210 3313 1666 3388 Flamininum
1698 3311 2128 3390 consularem.
2229 3322 2495 3392 Petrum

437 3426 764 3492 memoria
798 3418 1161 3492 institutum
1186 3412 1428 3512 fertur,
1465 3438 1538 3491 ut
1565 3417 1863 3494 censores
1893 3425 2093 3493 motis
2121 3417 2350 3494 senatu
2397 3417 2498 3494 ad-

431 3521 785 3598 scriberent
815 3525 1016 3596 nota‘s.
1130 3523 1426 3597 Catonia
1470 3537 1534 3595 et
1571 3524 1734 3597 aliae
1760 3521 2032 3626 quidem
2061 3528 2337 3600 acerbae
2363 3552 2498 3597 ora·

430 3643 644 3712 tiones
670 3628 915 3702 exstant
942 3635 1016 3700 in
1042 3651 1189 3712 eos,
1233 3652 1399 3727 quos
1427 3646 1537 3699 aut
1557 3624 1888 3702 senatorio
1917 3628 2079 3702 loco
2117 3637 2364 3713 movit,
2392 3648 2496 3701 aut

432 3735 665 3834 quibus
696 3741 896 3833 equos
925 3728 1199 3803 ademit:
1239 3729 1444 3832 longe
1468 3729 1835 3831 graviffima
1863 3740 1938 3805 in
1977 3738 2049 3806 L.
2095 3735 2495 3832 Qindtium

430 3844 644 3910 oratio
673 3837 798 3920 est,
846 3864 969 3936 qua
995 3832 1045 3907 fi
1075 3829 1407 3909 accusator
1434 3854 1582 3909 ante
1613 3857 1868 3923 notam,
1908 3863 2051 3910 non
2080 3835 2323 3910 censor
2343 3835 2492 3937 post

430 3968 692 4027 notam,
745 3937 892 4014 usus
935 3935 1119 4025 esset,
1165 3945 1443 4012 retinere
1472 3941 1858 4044 Quinctium
1890 3947 1961 4014 in
1990 3937 2216 4014 senatu
2243 3968 2335 4012 ne
2370 3936 2493 4012 fm-

425 4064 526 4117 ter
555 4043 836 4148 quidem
878 4047 971 4120 T.
1002 4045 1388 4145 Qinssius.,
1431 4040 1481 4117 ss
1511 4047 1659 4121 stum
1686 4041 1919 4119 censor
1945 4043 2118 4130 estet,
2168 4041 2492 4150 potuisset.

554 4167 559 4172 ·
842 4159 847 4176 ‘
2309 4154 2488 4223 Inter
