2732 4671
531 260 544 297 a
734 250 1291 317 t18.1xxxv11
1399 232 1883 321 cAr.1.x⁹”111
2183 241 2364 321 665·
2450 298 2459 301 ι

155 443 166 447 ·
267 439 369 492 ter
408 418 604 492 aliam
647 413 961 518 praedam
1008 440 1077 492 re
1127 425 1254 492 iam
1287 414 1593 504 «vidisset,
1648 440 1721 492 ea
1760 414 1827 492 se
1874 424 1947 491 in
1990 420 2336 518 triumpho

172 550 180 561 '
272 526 544 622 negabat
587 518 837 594 vidiss'e.
953 446 1290 594 Poffiremo
1334 530 1406 595 in
1450 528 1638 619 hujus
1680 529 1975 595 maxime
2017 521 2339 595 invidiam

276 625 574 699 desistere
599 622 672 697 se
702 632 1020 725 petitione
1047 628 1315 699 Glabrio
1348 626 1551 713 dixit5
1589 624 1887 727 quando.,
1931 623 2113 726 quod
2160 632 2339 701 taciti

179 767 190 775 «
255 728 771 830 ,indignarentur
800 730 1054 803 nobiles
1084 731 1432 815 hominm,
1469 727 1555 831 ἰὰ,
1569 757 1775 833 aeque
1816 757 2028 804 novus
2074 756 2340 830 compe-

269 843 430 908 titor
475 832 932 906 inaestimabili
962 841 1249 933 perjurio
1276 831 1631 907 incefferet.
1749 862 1753 869 ·
2174 866 2181 873 ¹

416 943 654 1037 LVll‘I.
687 942 974 1009 Centum
1006 938 1316 1012 millium·
1335 938 1539 1013 multa
1581 945 1879 1037 inrogata
1919 954 2068 1009 erat.
2111 936 2212 1008 bis
2258 932 2342 1009 de
2454 956 2463 965 ‘

272 1067 348 1114 ea
379 1050 534 1135 reg)
563 1036 873 1115 Jcertatum
905 1041 1014 1114 est.
1053 1048 1278 1127 terti0,
1323 1070 1530 1142 quum
1559 1040 1642 1116 de
1669 1048 1986 1143 petitione
2013 1036 2346 1113 destitiffet

274 1172 463 1226 rem,
513 1171 636 1216 nec
667 1146 949 1244 populus
978 1143 1060 1218 de
1108 1146 1314 1219 multa
1351 1143 1734 1245 suffragium
1779 1140 1952 1216 ferre
1996 1143 2240 1227 voluit,
2281 1163 2344 1219 et

275 1251 522 1322 tribuni
568 1274 649 1319 eo
693 1255 967 1348 negotio
1012 1245 1404 1322 destiterunt.
1513 1246 1830 1322 Censores
1869 1250 1963 1319 T.
1984 1244 2347 1344 'Qinflius

275 1354 714 1436 Flamininus,
752 1356 854 1425 M.
885 1350 1199 1427 Claudius
1224 1352 1583 1426 Marcellus
1613 1358 1825 1424 creati.
1926 1356 2049 1424 Per
2076 1346 2343 1426 eosdem

279 1456 419 1529 dies
451 1461 519 1528 L.
552 1456 852 1528 Aemilio
879 1456 1187 1555 Regillo,
1226 1463 1339 1557 qui
1373 1453 1559 1529 claffe
1589 1450 1996 1556 praefedlum
2026 1459 2346 1528 Antiokhi

276 1566 462 1658 regis
479 1556 841 1643 devicerat,
890 1580 1065 1633 extra
1088 1562 1321 1632 urium
1357 1569 1430 1633 in
1458 1558 1615 1633 aede
1645 1560 1980 1659 Apollinis
2023 1555 2348 1660 quumse·

276 1686 464 1736 natus
496 1660 676 1734 datus
718 1657 903 1747 esset,
949 1661 1179 1736 auditis
1223 1665 1410 1737 rebus
1448 1663 1639 1763 gestis
1682 1671 1849 1757 ejus,
1896 1671 2146 1764 quantis
2189 1691 2346 1736 cum

274 1764 574 1839 claffibus
609 1765 901 1838 hostium
931 1762 1306 1851 dimicasset,
1351 1789 1514 1867 quot
1546 1764 1700 1840 inde
1731 1788 1923 1840 naves
1956 1764 2350 1841 demersisset
2378 1818 2393 1835 .

277 1895 389 1944 aut
421 1865 716 1969 cepisset,
754 1896 1002 1967 magno
1035 1866 1352 1944 consensu
1383 1877 1649 1944 Patrum
1689 1876 2058 1972 triumphus
2100 1871 2348 1943 navalis

279 1973 376 2047 est
419 1970 729 2046 decretus.
850 1976 1329 2073 Triumphavit
1371 1974 1683 2067 Kalendis
1724 1977 2105 2049 Februariis.
2143 1981 2218 2048 in
2262 1999 2349 2047 eo
2414 1996 2419 2001 ’

277 2082 627 2177 triumpho
682 2072 1326 2176 undequinquaginta
1380 2104 1665 2152 coronae
1719 2105 1948 2152 aureae
2014 2080 2350 2153 translatae

278 2177 465 2257 sunt:
511 2185 787 2281 pecunia
817 2205 1229 2280 nequaquam
1260 2199 1467 2265 tanta,
1503 2207 1631 2280 pro
1673 2177 1885 2279 specie
1924 2190 2091 2280 regii
2128 2191 2352 2255 trium·

281 2290 446 2388 phi3
494 2280 966 2357 tetradrachma
992 2289 1207 2357 Attica
1249 2289 1516 2383 triginta
1558 2304 1835 2384 quatuor
1870 2285 2083 2358 millia
2122 2284 2353 2386 septin-

283 2411 516 2490 genta,
560 2387 925 2488 cistophori
955 2383 1223 2461 centum
1255 2394 1516 2487 triginta
1560 2413 1768 2459 unum
1802 2388 2021 2460 millia
2065 2395 2355 2462 trecenti.

286 2494 804 2593 supplicationes
853 2487 1095 2564 deinde
1129 2467 1393 2564 fuerunt
1430 2518 1511 2563 ex
1552 2486 2134 2576 senatusconsult0‚
2174 2491 2354 2593 quod

286 2601 363 2671 L.
407 2599 733 2670 Aemilius
764 2594 832 2692 ¹¹)
876 2603 947 2668 in
987 2587 1318 2694 Hispania'
1345 2591 1658 2695 prospere
1703 2593 2176 2694 rempublicam
2219 2593 2367 2695 ges·-

288 2698 476 2773 fisset.
576 2697 778 2773 Haud
819 2706 903 2771 ita
946 2700 1160 2772 multo
1203 2698 1347 2799 post
1392 2704 1461 2771 L.
1493 2704 1731 2798 Scipio
1762 2695 1846 2771 ad
1889 2702 2120 2771 urbem
2157 2708 2356 2774 venit.
2394 2739 2407 2748 x

292 2812 449 2906 qui,
490 2830 576 2877 ne
603 2810 995 2903 cognomini
1026 2798 1316 2898 fratris¹)
1356 2800 1652 2886 cederet,
1754 2799 2134 2878 Afiaticum,
2157 2797 2223 2878 se
2250 2803 2357 2878 acl·

286 2908 522 3009 pellari
551 2909 780 2982 voluit.
882 2913 969 2981 Et
993 2913 1065 2982 in
1093 2903 1349 2994 senatu,
1392 2927 1454 2980 et
1479 2914 1552 3012 in
1582 2912 1913 2981 concione
1953 2904 2035 2980 de
2062 2910 2246 2983 rebus
2274 2910 2397 2998 ab,

294 3010 368 3086 se
406 3011 596 3112 gestis
642 3007 945 3084 disseruit.
1075 3016 1313 3097 Erant,
1354 3018 1479 3111 qui.
1516 3006 1695 3084 fama
1728 3007 1796 3084 id
1838 3019 2042 3108 majus
2086 3013 2358 3100 bellum,

290 3143 494 3219 quam
540 3113 918 3188 difficultate
966 3120 1097 3200 rei,
1137 3111 1332 3190 fuiffe
1376 3123 1981 3216 interpretarentur3
2041 3144 2180 3190 uno
2222 3147 2363 3193 me·

297 3220 610 3294 motabili
643 3220 898 3319 proelio
944 3216 1375 3304 debellatum,
1413 3220 1831 3321 gloriamque
1872 3228 2006 3317 ejus
2044 3225 2362 3324 vidioriae

291 3322 748 3434 praefloratam
779 3321 862 3396 ad
890 3323 1392 3422 Thermopylas
1419 3319 1562 3395 effe.
1664 3328 1978 3395 Ceterum
2004 3352 2156 3398 vere
2184 3327 2363 3399 aessi-

297 3436 508 3502 manti
541 3429 918 3501 Aetolicum
949 3433 1158 3525 magis
1188 3426 1267 3499 ad
1296 3427 1798 3526 Thermopylas
1835 3426 2124 3511 bellum,
2164 3457 2362 3525 quam

297 3541 554 3632 regium
581 3527 723 3604 fuit.
828 3535 1044 3630 Qota
1072 3536 1250 3602 enim
1281 3551 1460 3630 parte
1489 3535 1727 3614 virium
1758 3525 2014 3601 suarum
2040 3534 2131 3602 lbi
2165 3529 2363 3604 dimi·

301 3644 470 3710 cavit
495 3639 908 3709 Antiochus?
948 3641 1019 3706 in
1047 3632 1195 3706 Asta
1236 3640 1428 3706 totius
1458 3630 1642 3705 Afiae
1685 3631 1986 3705 steterunt
2026 3642 2229 3720 vires,
2278 3638 2358 3709 ab

299 3737 610 3836 ultimik)
647 3743 938 3813 Orientis
978 3740 1264 3841 partibus
1309 3744 1621 3812 omnium
1663 3743 1967 3839 gentium
2010 3742 2366 3816 contr-aeliz

301 3846 583 3921 auxiliis.

429 4018 438 4026 ,
1293 3948 1369 4021 Τ
1384 3965 1408 4020 t
1445 3921 1495 4037 3³
1693 3949 1701 3970 “
2200 3935 2365 4024 ΠΧ.

432 4116 455 4179 )
492 4131 544 4166 re
570 4114 674 4169 del.
707 4116 846 4168 Creo.
1444 4115 1463 4168 i
1531 4116 1803 4181 cognomine
1828 4115 1986 4181 fratri
2012 4117 2179 4170 Gron.
2212 4099 2361 4173 cxcv]

424 4182 456 4257 )
491 4182 611 4239 add.
637 4187 835 4240 Panum
866 4185 1031 4242 Gron.
1064 4169 1215 4260 ᾰςν.
1444 4184 1481 4240 k
1554 4186 1741 4250 ultimis
1765 4185 1932 4243 Gton.
1959 4187 2109 4244 Crev-

1502 4441 1541 4480 χ
1576 4455 1581 4462 .
