2732 4671
379 191 543 334 434
1021 244 1222 349 x·,'·1·.
1322 257 1705 335 trvn-

379 425 601 513 scalas,
636 425 751 502 alii
774 432 1026 529 ignem,
1072 424 1188 500 alii
1214 425 1356 518 alia,
1397 428 1630 527 quibus
1656 448 1802 499 non
1822 426 2441 530 obpugnarentmm

384 530 515 617 dc,
561 529 672 605 sed
700 539 897 607 etiam
927 551 1259 616 terrerent,
1294 532 1661 630 portabant.
1699 526 1843 627 juffi
1867 531 2156 605 clamore
2184 527 2441 605 sublato

379 633 598 711 subire
642 633 929 737 undique
971 661 1205 707 omnes
1220 689 1243 717 ,
1316 654 1420 720 ιιι,
1476 662 1600 736 qua
1650 641 1950 735 primum
1991 637 2443 721 obcurrerenn

383 767 590 843 quave
623 766 825 839 opem
855 737 1098 811 ferrent
1118 797 1134 825 2
1168 739 1248 811 ad
1278 744 1505 812 omnia
1553 736 1752 811 fimul
1781 729 2084 838 paventes
2127 735 2444 811 lacedae-

385 849 606 917 monii
634 850 1034 944 ignorarent.
1140 841 1334 944 Qud
1378 845 1632 915 roboris
1670 849 1747 914 in
1772 850 2076 915 ¹exercitu
2115 855 2284 927 erat,
2330 849 2444 915 tri·
2538 915 2551 926 .

380 943 623 1054 fariams
661 948 959 1020 divisum.
999 972 1178 1048 parte
1220 978 1344 1020 una
1382 975 1420 1018 a
1443 947 1791 1031 Phoebeo,
1835 945 2033 1020 altera
2071 948 2442 1038 aDyfiyn·

384 1078 557 1138 neo.‚
614 1062 799 1124 tertia
848 1056 930 1124 ab
987 1080 1071 1124 eo
1112 1054 1309 1138 loen,
1400 1077 1555 1122 uem
1610 1052 2055 1150 Heptagonias
2109 1047 2443 1147 adpellant

383 1156 654 1245 (omnia
678 1176 897 1229 autem
920 1160 1085 1229 haec
1111 1150 1325 1259 aperta
1380 1182 1490 1226 me
1534 1178 1730 1227 muro
1760 1154 1913 1227 loca
1937 1149 2122 1249 sunt)
2167 1148 2443 1251 adgredi
2506 1217 2513 1222 ,

382 1261 575 1356 jubet.
676 1264 905 1359 Qum
929 1279 1135 1332 tantus
1161 1256 1451 1360 undique
1476 1277 1688 1331 terror
1727 1259 1957 1329 urbem
2001 1251 2444 1330 circumvafifi-

379 1359 514 1450 set3
572 1369 800 1460 primo
843 1384 1161 1455 tyrannus
1201 1360 1382 1437 etad
1421 1357 1743 1435 clamores
1783 1368 2190 1461 repentium,
2240 1379 2331 1431 et.
2355 1356 2442 1433 ad

385 1471 665 1566 nuncios
705 1463 993 1566 trepidos
1033 1486 1289 1552 motus,
1358 1484 1433 1538 ut
1469 1461 1750 1566 quisque
1788 1472 2079 1537 maxime
2119 1462 2445 1537 laboraret
2518 1516 2528 1526 ι

383 1571 603 1654 locus,
652 1590 760 1642 aut
786 1565 922 1671 ipse
947 1571 1363 1653 obeam-ebat,
1405 1593 1515 1641 aut
1538 1567 1789 1669 aliquos
1815 1569 2131 1641 mittebat.
2175 1564 2441 1652 deinde,

385 1668 792 1748 circumfuso
837 1669 1128 1774 undique
1169 1697 1452 1772 pavore,
1504 1678 1597 1744 ita
1638 1672 2011 1772 obtorpuit.,
2065 1690 2135 1742 ut
2162 1698 2302 1743 nec
2342 1662 2440 1743 di-

387 1782 570 1865 cere,
614 1774 795 1881 quod
833 1783 910 1850 in
948 1802 1093 1848 rem
1129 1773 1316 1861 estet,
1356 1803 1486 1848 nec
1529 1772 1748 1847 audire
1793 1771 2003 1875 posset
2017 1801 2046 1865 ς·
2077 1800 2202 1848 nec
2244 1781 2445 1875 inops.

387 1876 601 1962 modo
630 1878 923 1964 confilii‚
963 1875 1076 1954 sed
1100 1885 1213 1951 vix
1239 1885 1479 1951 mentis
1508 1902 1790 1977 compos
1815 1875 1986 1953 ess‘et.
2165 1925 2167 1928 -
2289 1893 2295 1897 ’
2348 1915 2355 1920 ·

538 1986 821 2057 XXXIX.
861 1985 1205 2056 Romanos
1230 1988 1460 2083 primo
1488 1977 1881 2055 sustinebant
1906 1990 1982 2056 in
2007 1978 2441 2081 angustiisLae

386 2082 832 2160 cedaemonii:
880 2105 1224 2188 ternaeque
1249 2090 1418 2182 acies
1443 2105 1748 2183 tempore
1783 2112 1925 2160 uno
1963 2086 2133 2162 locis
2172 2080 2436 2156 diverfis

384 2190 778 2292 pugnabant.
867 2185 1146 2276 deinde,
1205 2184 1529 2262 crescente
1570 2197 1962 2275 certamine,
2024 2214 2438 2314 nequaquam

387 2313 520 2367 erat
540 2292 875 2395 proelium
898 2320 1031 2395 par.
1071 2290 1412 2368 miffilibus
1438 2298 1620 2366 enim
1648 2290 2154 2377 Lacedaemonh
2194 2316 2440 2392 pugna-

386 2397 578 2484 bant,
622 2427 659 2470 a
694 2399 925 2500 quibus
963 2394 1028 2470 se
1057 2416 1120 2469 et
1152 2395 1603 2497 magnitudine
1641 2393 1797 2470 scuti
1837 2393 2151 2500 perfacile
2192 2399 2439 2470 Roma-

388 2530 509 2576 nus
532 2502 826 2581 tuebatur
849 2501 1074 2586 miles,
1121 2521 1184 2572 et
1225 2497 1405 2603 quod
1447 2499 1561 2573 alii
1603 2507 1787 2586 vani,
1833 2502 1947 2574 alii
1989 2501 2166 2575 leves
2209 2498 2441 2574 admo«

386 2602 555 2678 dum
585 2607 750 2677 istus
777 2625 976 2682 erant.
1011 2632 1168 2677 nam
1198 2623 1470 2705 propter
1506 2603 1825 2703 angustias
1866 2604 2006 2677 loci
2047 2599 2439 2676 confertam·

388 2735 514 2809 que
538 2710 791 2782 turbam
816 2736 962 2784 non
991 2707 1202 2782 modo
1228 2705 1308 2780 ad
1334 2703 1689 2781 emittenda
1716 2734 1867 2781 cum
1913 2704 2274 2808 procursu,
2299 2731 2435 2807 quo

385 2810 754 2912 plurimum
796 2819 1200 2886 concitantur
1243 2811 1404 2895 tela,
1467 2806 1746 2912 spatium
1785 2812 2142 2884 habebant:
2193 2807 2304 2884 fed
2350 2834 2446 2883 ne

385 2930 457 2985 ut
484 2912 565 2986 de
595 2911 798 3012 gradu
826 2912 1092 3015 quidem
1119 2913 1334 2987 libero
1366 2914 1678 2988 ac·stabili
1705 2936 2110 2989 conarentur.
2209 2919 2449 3014 Itaque

332 3049 340 3058 =
384 3042 467 3088 ex
496 3013 763 3089 adverso
787 3014 971 3090 misia
999 3017 1159 3104 tela,
1201 3017 1387 3092 nulla
1408 3023 1480 3092 in
1509 3021 1932 3118 corporibus,
1969 3045 2110 3096 rara
2136 3023 2210 3090 in
2239 3014 2450 3091 scutis

379 3119 747 3193 haerebant.
820 3147 857 3192 a
898 3121 1460 3195 circumstantibus
1497 3148 1579 3194 ex
1617 3119 2051 3222 superioribus
2088 3124 2257 3197 locis
2299 3127 2440 3222 qui·

381 3217 538 3294 dam
564 3224 887 3297 vulnerati
911 3220 1093 3298 sunt:
1137 3251 1299 3298 mox
1326 3222 1698 3326 progressos
1725 3227 1858 3323 jam
1891 3232 2091 3299 etiam
2133 3250 2216 3298 ex
2253 3227 2438 3298 tecti»

382 3347 527 3399 uon
554 3327 679 3400 tela
706 3325 958 3416 mode,
1001 3324 1113 3402 sed
1134 3330 1386 3431 tegulae
1418 3355 1714 3432 quoque,
1754 3337 2169 3430 inopinantes
2209 3355 2450 3427 percu·.

379 3429 614 3512 lerunt.
714 3433 989 3505 Sublatis
1017 3431 1255 3507 deinde
1291 3430 1479 3534 supra
1519 3441 1721 3533 capita
1762 3429 1992 3519 scutis,
2029 3427 2443 3507 continuatis-

381 3561 511 3635 que
535 3542 622 3609 ita
645 3540 819 3610 inter
844 3534 942 3623 se,
979 3558 1050 3610 ut
1074 3565 1217 3612 non
1246 3534 1458 3612 modo
1482 3533 1565 3610 ad
1593 3547 1820 3611 caecos
1843 3541 2048 3621 ἱὲὶυε,
2091 3533 2205 3609 sed
2233 3562 2317 3607 ne
2348 3531 2443 3607 ad.

373 3635 803 3717 inferendum
832 3638 1099 3742 quidem
1128 3668 1208 3715 ex
1236 3648 1614 3742 propinquo
1650 3641 1858 3715 telum
1896 3640 2040 3715 loci
2057 3627 2445 3742 ’quidquam

375 3736 562 3828 esset,
608 3743 928 3819 testudine
953 3740 1125 3817 facia
1150 3742 1464 3818 subibant.
1505 3763 1571 3815 et
1594 3751 1850 3843 primae
1889 3743 2218 3846 angustiae
2258 3741 2442 3842 paul·

374 3842 601 3946 lisper.,
652 3842 764 3920 sua
796 3847 1219 3948 hostiumque
1251 3844 1522 3920 refertae
1563 3851 1779 3934 turba,
1818 3867 2196 3922 tenuerunt:
2260 3844 2439 3947 post-

373 3974 571 4046 quam
601 3955 676 4021 in
701 3960 1133 4050 patentiorem
1163 3957 1339 4025 viam
1371 3953 1548 4023 urbis
1572 3952 1914 4051 paullatim
1941 3958 2287 4052 urguentes
2312 3954 2438 4023 ho·

369 4051 536 4150 stem
566 4051 954 4155 processere,
992 4081 1137 4143 non
1162 4054 1330 4137 ultra
1353 4060 1456 4131 vis
1484 4081 1722 4137 eorum
1747 4076 1939 4160 atque
1968 4063 2224 4160 inpetus
2252 4048 2436 4128 susti·
