2732 4671
397 270 558 358 2554
726 273 737 293 ⁰
1150 246 1693 355 fr.t.1v'11

392 454 612 539 quc-et
651 456 860 515 cetera
878 528 883 539 ἱ
903 440 1329 538 instrumenta
1370 444 1642 514 militiae
1666 440 1934 527 tradas,
1975 457 2036 515 et
2065 457 2265 515 tecum
2298 443 2458 516 hinc

402 551 720 640 extemplo
750 549 1009 619 domum
1038 550 1267 629 ducas,
1307 571 1600 618 exerceas
1617 600 1639 631 ,
1678 551 2024 619 docendum
2067 573 2245 619 cures
2289 572 2456 645 equo

394 648 731 746 armisque.
844 654 1041 722 Laeto
1080 646 1542 722 conditionem
1596 656 1944 749 accipienti
1976 678 2183 722 unum
2211 676 2294 722 ex
2324 672 2457 723 tre·
2545 742 2548 743 ⁷

383 759 636 847 centis,
701 779 864 855 quos
914 760 1197 826 inermes
1241 755 1551 840 habebat,
1596 752 1802 826 tradit.
1903 757 2040 827 Ubi
2068 759 2201 826 hoc
2233 751 2456 827 modo

266 880 315 929 Ι
396 858 887 932 exauctoratum
923 864 1215 959 equitem
1245 885 1399 931 cum
1432 863 1638 960 gratia
1665 864 2076 957 imperatoris
2117 864 2320 931 ceteri
2367 863 2463 928 vi·
2495 906 2502 909 -

392 957 663 1047 derunt,
700 957 766 1034 se
797 959 1067 1063 quisque
1095 958 1427 1048 excusare,
1478 984 1544 1035 et
1587 969 1907 1035 vicarium
1948 969 2264 1062 accipere.
2367 965 2466 1032 Ita

326 1117 361 1162 (
393 1071 701 1163 trecentis]
724 1066 961 1139 Siculis
994 1072 1286 1139 Romani
1331 1074 1573 1168 equites
1621 1063 1958 1151 substituti,
2015 1060 2159 1137 sine
2189 1064 2467 1167 publica
2581 1120 2592 1123 ,

278 1200 289 1207 2
393 1164 679 1268 inpensa.
780 1166 1261 1242 Docendorum
1302 1191 1493 1272 atque
1536 1166 2056 1244 exercendorum
2105 1198 2338 1242 curam
2369 1172 2470 1241 Si·
2509 1228 2518 1249 ,
2587 1234 2590 1239 .

393 1273 527 1346 culi
570 1273 965 1346 habuerunt:
1022 1279 1177 1374 quia
1219 1271 1515 1363 edietum
1557 1281 1972 1373 imperatoris
2015 1294 2186 1357 erat,
2230 1269 2468 1374 ipsum

396 1376 867 1461 militaturum,
955 1383 1017 1448 ui
1044 1385 1130 1450 ita
1158 1404 1298 1449 non
1322 1373 1586 1450 fecisset.
1687 1384 2041 1478 Egregiam
2075 1382 2248 1451 hanc
2282 1377 2468 1450 alam

391 1505 429 1553 e
476 1474 686 1552 bitum
712 1478 882 1555 evasi
935 1508 971 1552 e
999 1475 1255 1565 ferunt,
1300 1479 1652 1582 multisque
1679 1483 1946 1580 proeliis
1973 1480 2472 1581 rempublicam

391 1504 719 1678 adjuvisse.
809 1590 813 1595 ’
860 1590 1182 1684 Legiones
1224 1582 1378 1657 inde
1425 1576 1632 1685 quum'
1682 1581 2059 1684 inspiceret,
2132 1585 2472 1684 plurimo-
2571 1576 2576 1589 ⁸

394 1713 548 1760 rum
566 1681 1046 1786 stipendiorum
1063 1714 1143 1760 ex
1173 1695 1252 1761 iis
1280 1687 1525 1762 milites
1552 1685 1832 1788 delegit;
1875 1694 2163 1761 maxime
2192 1694 2308 1789 qui
2337 1684 2467 1761 sub

398 1788 566 1864 duce
607 1791 945 1867 Marcello
981 1792 1447 1866 militaverant:
1504 1818 1665 1894 quos
1708 1819 1915 1894 quum
1958 1797 2213 1890 optima
2268 1786 2472 1866 disci-

398 1896 585 1995 plina
616 1895 938 1970 institutos
971 1892 1306 1982 credebat,
1336 1908 1497 1969 'tum
1527 1898 1833 1996 etiamsab
1873 1896 2079 1994 longa
2114 1891 2470 1989 Syracusa·

394 2027 546 2071 rum
580 1996 924 2074 obsidione
951 1998 1373 2101 peritissimos
1400 1996 1524 2073 effe
1552 2001 1818 2072 urbium
1843 1997 2468 2100 obpugnandarum.

397 2103 572 2176 nihil
607 2109 795 2177 enim
834 2132 1146 2205 parvum,
1199 2100 1309 2175 sed
1351 2109 1767 2203 Karthaginis
1808 2111 1940 2199 jam
1975 2100 2230 2176 excidia
2261 2107 2467 2202 agita·
2501 2096 2508 2101 ’

403 2209 513 2279 bat
559 2214 810 2280 animo.
956 2205 1119 2281 Inde
1151 2212 1510 2285 exercitum
1539 2234 1659 2307 per
1684 2205 1930 2308 oppida
1957 2203 2280 2307 dispertit:
2329 2202 2474 2278 fru-

317 2397 324 2408 ,
403 2331 711 2386 mentum
754 2312 1137 2402 Siculorum
1179 2315 1547 2386 civitatibus
1596 2317 1908 2413 imperat3
1953 2338 2033 2385 ex
2063 2311 2246 2385 Italia
2271 2308 2469 2384 adve-

299 2416 305 2421 ’
403 2418 513 2489 eto
558 2427 794 2516 parcit:
855 2391 1101 2491 veleres
1145 2444 1339 2490 naves
1382 2416 1621 2502 reficit,
1669 2437 1733 2489 et
1759 2446 1915 2491 cum
1944 2424 2023 2490 iis
2051 2420 2127 2489 C.
2160 2415 2469 2489 Laelium

401 2528 478 2594 in
508 2516 806 2594 Africam
820 2520 1211 2619 ”praedatum
1237 2528 1475 2608 mittit3
1541 2548 1743 2594 novas
1790 2526 2105 2595 Panormi
2146 2517 2470 2604 subduci&

284 2653 299 2686 ι
402 2631 556 2724 quia
602 2652 684 2697 ex
732 2623 930 2697 viridi
974 2631 1240 2697 materia
1285 2631 1522 2721 raptim
1560 2620 1765 2695 factae
1801 2645 2016 2708 erant,
2072 2645 2142 2696 ut
2187 2630 2258 2695 in
2288 2620 2472 2696 ficco

407 2730 846 2801 hibernarent.
872 2725 880 2733 ’
996 2732 1387 2824 Praeparatis
1412 2725 1722 2796 omnibus
1749 2722 2148 2809 adbellum,
2187 2731 2472 2816 Syracu-

401 2828 533 2924 ffls,
587 2828 894 2905 nondum
935 2856 1015 2901 ex
1055 2834 1308 2928 magnis
1352 2826 1514 2902 belli
1555 2830 1846 2900 motibus
1885 2825 2029 2901 satis
2058 2827 2470 2930 tranquillas,

402 2941 600 3006 venit.
753 2937 986 3003 Graeci
1035 2957 1135 3003 res
1161 2960 1197 3002 a
1244 2926 1637 3031 quibusdam
1664 2929 1869 3003 Italici
1898 2938 2189 3032 generiS,
2227 2927 2471 3005 eadem

404 3044 509 3119 vi,
589 3062 715 3136 qua
761 3061 880 3134 per
918 3032 1172 3105 bellum
1216 3054 1556 3133 ceperant,
1606 3036 2063 3120 retinentibus,
2134 3031 2468 3108 concessas

402 3137 524 3213 fibi
552 3140 631 3210 ab
657 3135 877 3212 senatu
895 3193 916 3219 ,
951 3139 1340 3236 repetebant.
1443 3141 1775 3211 Omnium
1803 3146 2099 3237 primum
2135 3160 2302 3211 ratus
2331 3160 2470 3212 tue-

405 3242 826 3343 ripublicam
866 3238 1097 3326 fidem,
1137 3249 1379 3342 panim
1407 3239 1656 3327 edicio,
1697 3249 1940 3343 partim
1968 3239 2228 3338 judiciis
2261 3250 2468 3318 etiam
2533 3307 2536 3310 ,

406 3354 481 3420 in
523 3353 882 3447 pertinaces
925 3342 1009 3418 ad
1052 3341 1486 3424 obtinendam
1518 3353 1819 3443 injuriam
1853 3345 2152 3433 redditis,
2192 3343 2330 3419 suas
2364 3374 2466 3421 res

407 3448 821 3545 Syracusanis
853 3450 1138 3523 restituit.
1239 3453 1403 3524 Non
1433 3447 1583 3549 ipfis
1612 3469 1963 3526 tantum-ea
1987 3478 2107 3536 res,
2124 3447 2232 3524 sed
2247 3458 2469 3524 omni-

407 3558 526 3628 b‘us
554 3555 818 3629 Siciliae
845 3552 1153 3656 populiS,
1188 3573 1363 3654 grata
1390 3549 1554 3642 fuit3
1602 3579 1812 3655 eoque
1843 3553 2081 3630 enifius
2107 3551 2189 3628 ad
2216 3554 2466 3628 bellum

362 3653 367 3654 ἶ
408 3657 807 3754 adjuverunt.
908 3655 1157 3730 Eadem
1181 3656 1410 3729 aestate
1434 3664 1506 3731 iu
1537 3655 1851 3758 Hispania
1882 3680 2189 3749 coortum
2232 3667 2469 3760 ingens

408 3762 697 3861 bellum,
749 3768 1096 3834 conciente
1127 3759 1401 3861 Ilergete
1427 3759 1728 3845 ludibili,
1770 3763 1956 3836 nulla
1989 3765 2120 3836 alia
2172 3761 2255 3837 de
2299 3757 2469 3836 canl:-

412 3863 515 3952 sa,
570 3892 771 3968 quam
813 3891 932 3964 per
965 3863 1494 3945 admirationem,
1519 3871 1849 3964 Scipionis
1892 3886 2233 3941 contemtu
2263 3875 2469 3965 impe·

412 3991 707 4043 ratorum
738 3967 1021 4043 aliorum
1052 3988 1221 4040 orto.
1321 3968 1812 4068 Emnfitpcrff
1839 3998 2042 4046 unum
2087 3975 2305 4044 ducem
2333 3973 2467 4042 Ro-

416 4067 668 4161 manis,
711 4078 938 4148 ceteris
967 4078 1047 4148 ab
1078 4073 1459 4148 Hannibale
1486 4076 1877 4175 interfcffis,
1917 4076 2193 4150 rebatur.
2253 4099 2323 4148 eo
2355 4097 2469 4147 nec

2393 4203 2471 4252 m
