2732 4671
284 222 325 269 ¹*
803 216 994 330 rita.
1051 242 1152 302 ἀει
1268 251 1490 302 cnr.
1536 254 1836 302 xr.v111
2186 240 2342 318 845

280 424 438 521 pias.
536 414 739 491 Haud
770 417 1058 491 multum
1086 424 1402 518 temporis
1432 415 1797 503 interceffit,
1829 443 2032 519 quum
2062 395 2147 490 ex·
2162 444 2343 492 com·
2423 460 2428 473 ·

246 520 501 624 .pofito
526 519 993 622 refugientium
1028 519 1290 594 suorum
1329 548 1608 621 agmen,
1644 522 1791 623 post
1831 518 2031 594 effuse
2076 518 2344 623 sequen·

282 648 375 700 tes
405 627 705 699 barbaros
734 623 1084 726 conspexit.
1189 626 1588 723 Instructam·
1614 626 1695 698 ad
1739 631 1872 699 hoc
1913 622 2125 726 ipsum
2169 633 2341 698 intra

282 731 536 806 vallum
581 732 852 803 habebat
890 737 1117 804 aciem.
1167 737 1382 830 itaque
1422 750 1675 803 tantum
1717 746 2159 814 moratu8,’ut
2194 725 2343 803 suos

198 840 221 851 “
280 831 584 933 refugere
612 842 686 907 in
710 834 903 908 castra
928 835 1139 909 libero
1182 841 1454 909 introitu
1495 831 1760 920 smeret,
1815 834 2106 907 clamore
2141 830 2343 907 subla·

280 957 395 1023 tn,
442 936 635 1012 fimul
664 939 974 1011 omnibus
1001 945 1204 1038 portis
1237 947 1463 1038 erupit.
1562 943 1724 1013 Non
1765 935 2117 1011 sustinuere
2163 944 2344 1038 inpe-

286 1062 429 1115 tum
459 1050 928 1141 necopinatum
964 1042 1196 1115 hostes.
1241 1051 1350 1143 qui
1392 1040 1473 1116 ad
1512 1041 1711 1117 castra
1754 1038 2195 1145 obpugnanda
2239 1067 2345 1113 ve-

283 1166 550 1231 nerant,
592 1173 676 1218 ne
715 1143 822 1220 sua
866 1147 1135 1247 quidem
1177 1154 1337 1221 tueri
1382 1167 1752 1246 potuerunt.
1801 1174 1959 1219 nam
2009 1145 2346 1245 extemplo

281 1244 446 1335 fust,
485 1245 730 1351 fugati,
779 1277 941 1323 mox
972 1256 1136 1323 intra
1179 1251 1425 1324 vallum
1475 1271 1779 1351 paventes
1829 1246 2190 1348 compulfi,
2229 1275 2347 1350 po-

283 1352 533 1428 stremo
562 1377 886 1427 exuuntur
913 1353 1146 1426 castris.
1246 1361 1350 1427 Eo
1380 1353 1490 1427 die
1516 1380 1767 1426 novem
1796 1355 2006 1428 millia
2048 1352 2346 1426 hostium

196 1548 199 1553 μ
282 1454 490 1531 caesa:
535 1465 703 1555 capti
737 1464 868 1531 vivi
897 1465 1158 1531 trecenti
1191 1465 1445 1557 viginti,
1489 1466 1641 1559 equi
1667 1480 1931 1531 centum
1967 1452 2346 1547 duodecim,

280 1559 466 1663 figna
495 1562 804 1635 militaria
833 1568 1097 1662 triginta
1128 1558 1391 1662 septem.
1426 1555 1518 1636 de
1538 1568 1826 1637 exercitu
1854 1566 2170 1638 Romano
2200 1566 2349 1635 ce'n·

279 1684 426 1739 tum
452 1693 704 1748 novem
743 1664 1130 1738 ceciderunt.
2231 1754 2236 1769 .

428 1773 649 1843 XLIX.
696 1771 795 1843 Ab
837 1775 970 1844 hoc
1011 1766 1273 1869 proelio
1322 1771 1654 1841 Gracchus
1703 1765 1888 1842 duxit
1926 1764 2008 1841 ad
2042 1766 2350 1868 depopu-

272 1869 554 1948 ‘landum
591 1872 659 1969 ¹¹)
682 1874 1112 1947 *Celtiberiam
1142 1871 1460 1972 legiones.
1497 1892 1593 1956 et,
1637 1900 1843 1973 quum
1878 1867 2078 1945 ferret
2111 1869 2345 1972 paffim

218 1992 243 2019 ⁹
284 1978 520 2050 cuncta
550 1998 741 2078 atque
768 1997 1021 2076 ageret,
1064 1977 1428 2077 populique
1459 1976 1569 2050 alii
1601 1976 1969 2065 vohmtate,
2022 1976 2137 2049 alii
2162 1996 2349 2049 metu

280 2086 513 2178 jugtun
535 2088 938 2178 acciperent,
982 2101 1244 2151 centum
1276 2086 1397 2150 tria
1429 2077 1672 2179 oppida
1718 2088 1885 2154 intra
1919 2106 2168 2180 paucos
2205 2076 2345 2153 dies

174 2215 179 2218 ’
285 2186 361 2256 in
395 2178 799 2254 deditionem
838 2188 1113 2280 accepit:
1151 2177 1387 2281 praeda
1415 2190 1661 2280 potitus
1687 2190 1939 2283 ingenti
1969 2180 2078 2257 est.
2166 2190 2364 2273 Con-l

285 2290 478 2360 vertit
505 2283 661 2359 inde
687 2312 926 2385 agmen
955 2305 1163 2370 retro,
1198 2282 1377 2358 unde
1410 2305 1703 2370 venerat,
1741 2285 1833 2360 -ad
1861 2288 2113 2374 Alcen,
2152 2308 2346 2390 atque

282 2416 434 2463 eam
459 2393 691 2464 urbem
724 2391 1102 2490 obpugnare
1131 2388 1371 2462 institit.
1469 2388 1809 2491 Offidani
1838 2398 2138 2493 primum
2167 2398 2350 2493 inpe-
2385 2409 2526 2528 θ

278 2512 431 2567 *tum
476 2493 769 2569 hostium
813 2491 1271 2567 sustinuerunt:
1322 2491 1598 2581 deinde,
1643 2522 1851 2597 quum
1897 2503 2030 2592 jam
2070 2522 2211 2569 non
2251 2523 2344 2568 ar·

180 2686 185 2690 ,
288 2605 419 2672 mis
462 2595 708 2685 modu,
782 2594 891 2671 sed
934 2605 1133 2671 etiarn
1178 2600 1487 2699 operibus
1530 2600 2091 2700 obpugnarentur,
2147 2597 2344 2673 diffifi

282 2699 607 2803 praefidio
636 2703 847 2787 urbis,
889 2709 961 2774 in
1003 2730 1218 2796 arcem
1261 2700 1546 2776 universi
1587 2701 2054 2778 concesserunt.
2097 2702 2350 2804 postre-

284 2832 408 2879 mo
450 2826 512 2879 et
556 2804 747 2891 inde,
782 2804 1144 2905 praemiffus·
1180 2808 1580 2894 oratoribus,
1620 2814 1696 2882 in
1736 2804 2065 2882 ditionem
2105 2804 2170 2881 se
2215 2803 2348 2881 sua-

331 2937 414 2984 ue
443 2917 672 2985 omnia
701 2914 1026 2984 Romanis
1066 2907 1518 3011 permiserunt.
1620 2917 1873 3012 Magna
1910 2909 2067 2987 inde
2102 2907 2345 3012 praeda

282 2937 456 3089 Pacta
486 3014 595 3088 est.
634 3015 826 3088 multi
869 3021 1109 3115 captivi
1156 3015 1412 3090 nobiles
1450 3022 1522 3089 in
1565 3017 1952 3116 potestatem
1997 3037 2346 3101 venerunt;

180 3171 187 3184 ,
238 3172 257 3186 .
285 3126 460 3193 inter
482 3145 648 3220 quos
682 3140 745 3192 et
766 3122 1022 3192 Thurri
1072 3117 1196 3192 filii
1238 3118 1374 3194 duo
1416 3141 1480 3193 et
1517 3119 1670 3194 filia.
1761 3122 2055 3223 Regulus
2092 3125 2203 3194 hic
2247 3146 2346 3192 ea·

284 3249 440 3299 rum
467 3231 762 3323 gentium
788 3244 956 3309 erat,
992 3222 1197 3323 longe
1224 3221 1701 3323 potentiffimus
1750 3233 2062 3300 omnium
2106 3221 2344 3325 Hispa-

287 3351 557 3400 norum.
658 3324 900 3400 Audita
940 3324 1208 3400 suorum
1251 3324 1471 3414 clade,
1530 3327 1769 3420 miOES,
1840 3337 1954 3431 qui
1997 3328 2199 3403 fidem
2239 3354 2346 3400 ve·

289 3436 502 3506 nienti
541 3437 613 3503 in
634 3430 852 3504 'castra
896 3427 979 3503 ad
1020 3435 1395 3505 Gracchum
1441 3452 1771 3531 peterent,
1834 3441 2034 3508 veniri
2108 3452 2171 3505 et
2212 3435 2342 3531 pri·

280 3561 480 3609 mum
536 3532 847 3635 quaesivit
894 3536 972 3606 ab
1028 3560 1143 3621 e0,
1200 3562 1282 3609 ne
1313 3537 1446 3636 fibi
1497 3540 1717 3611 liceret
1767 3563 1843 3610 ac
1879 3536 2030 3635 ficis
2079 3531 2346 3608 vivere?

288 3665 500 3740 quum
542 3658 800 3738 praetor
840 3640 1158 3712 vifi‘urum
1196 3635 1656 3739 respondisset3
1731 3639 2040 3743 quaesivit
2082 3648 2346 3722 iterum,

269 3746 345 3846 fi
382 3769 516 3815 cum
562 3746 881 3816 Romanis
924 3747 1212 3816 militare
1255 3742 1528 3818 liceret?
1602 3743 1670 3819 id
1724 3772 1990 3848 quoque
2034 3747 2341 3818 Graccho

287 3854 737 3949 permittente,
753 3846 1036 3945 sequar,
1078 3854 1325 3953 inquit,
1369 3874 1483 3924 vos
1524 3850 1825 3949 adversm
1864 3866 2103 3926 veteres
2126 3847 2346 3946 chios

2069 4013 2080 4030 -,
2144 3974 2346 4036 meos,

400 4075 478 4151 h)
496 4073 499 4080 ’
510 4082 832 4150 mandam
852 4081 1032 4139 'Gi-on.
1057 4088 1207 4142 επεν.
