2732 4671
656 307 850 356 211³.
895 293 1185 356 xx'xxv
1319 282 1898 376 carixxyu‘t
2141 310 2293 381 473

244 497 389 557 rex,
430 498 584 544 eum
618 470 1009 554 Cleomene,-
1046 469 1726 548 Lacedaemoniorum
1758 495 2064 568 tyraun0‚
2092 472 2293 575 fignis

244 577 517 648 conlatis
546 572 883 647 dimicasse
906 575 1263 648 dicebatur.·
1295 574 1468 661 inde,
1518 606 1720 679 quum
1747 577 2014 651 audiss'et
2039 577 2298 652 adscen-

241 676 481 775 sum⁸)
502 676 789 751 difficilis
815 698 878 751 et
899 699 1064 750 artae
1107 686 1247 752 viae
1290 676 1446 764 esse,
1487 683 1667 755 brevi
1710 697 1828 781 per
1869 703 2128 754 montes
2176 690 2298 755 cir*

241 790 418 855 cuitu
448 780 841 882 praemissis,
887 788 994 881 qui
1024 789 1355 855 munirent
1384 791 1593 871 viam,
1635 786 1767 858 lato
1795 785 1935 858 fatis
1960 806 2024 858 et
2053 791 2298 886 patenti

241 886 459 961 limite
502 884 582 958 ad
618 892 929 960 Eurotam
977 889 1286 971 amnem7
1352 884 1469 959 sub
1526 887 1675 989 ipsus
1734 916 1942 989 prope
1984 888 2298 961 fluentem

244 990 627 1073 moenibus,
675 995 993 1090 pervenit.
1031 991 1141 1061 ubi
1169 990 1365 1062 castra
1391 1012 1704 1065 metantes
1737 998 2077 1065 Romanos
2095 998 2300 1092 Qin·

246 1095 585 1193 filiumque
624 1089 877 1191 ipsum,
943 1119 1100 1164 cum
1143 1095 1460 1193 equitibus
1520 1115 1711 1196 atque
1753 1093 2074 1195 expeditis
2125 1122 2300 1194 prae·

246 1191 571 1295 gressum,
630 1195 965 1267 auxiliares
1011 1193 1285 1289 tyranni*
1315 1196 1562 1284 adorti,
1613 1207 1687 1270 in
1727 1218 2042 1272 terrorem
2087 1227 2162 1270 ac
2208 1218 2300 1270 tu·

248 1287 539 1372 mustum
567 1307 1018 1394 conjecerunt,
1064 1301 1230 1373 nihil
1257 1300 1380 1372 tale
1409 1298 1875 1400 exspedlantes‚
1917 1311 2066 1404 quia
2093 1328 2298 1374 nemo

249 1406 359 1477 his
385 1404 613 1476 obvius
646 1422 787 1475 toto
822 1410 1051 1475 itinere
1081 1399 1324 1489 fuerat,
1371 1432 1445 1475 ac
1478 1406 1676 1479 veluti
1702 1432 1932 1505 pacato
1964 1431 2123 1506 agro
2136 1427 2303 1478 tran·

242 1503 499 1584 fierant.
602 1502 1023 1607 Aliquamdiu
1057 1504 1383 1608 peditibus
1427 1515 1712 1609 equita,
1756 1512 2076 1611 equitibus
2119 1507 2303 1609 pedi·

249 1627 343 1682 tes
382 1611 797 1694 vocantibus,
869 1638 1069 1711 quum
1116 1618 1189 1683 in
1231 1608 1297 1683 se
1342 1619 1579 1715 cuique
1621 1620 1980 1686 minimum
2026 1613 2303 1686 fiduciae

228 1707 438 1818 estet,
472 1710 875 1813 trepidatum
920 1714 1028 1786 est.
1075 1712 1341 1792 tandem
1391 1713 1570 1815 signa
1610 1716 1960 1817 legionum
2011 1713 2303 1814 superve-

253 1834 524 1889 nerunt:
577 1838 672 1901 et,
732 1844 934 1917 quum
975 1824 1176 1917 primi
1220 1826 1499 1920 agminis
1542 1825 1844 1893 cohortes
1886 1816 2186 1892 inductae
2230 1826 2305 1893 in

255 1920 592 2021 proelium
624 1916 853 2005 essent,
902 1927 1014 2021 qui
1056 1920 1270 1995 modo
1319 1930 1550 1996 terrori
1595 1920 1886 2008 fuerant,
1923 1921 2306 2022 trepidantes

257 2030 328 2097 in
348 2026 588 2097 urbem
618 2022 937 2122 compulfi
963 2022 1124 2098 sunt.
1227 2030 1541 2111 Romani,
1586 2056 1794 2128 quum
1824 2048 2074 2100 tantum
2104 2056 2138 2099 a
2166 2055 2309 2099 mu·

260 2149 345 2201 ro
384 2124 804 2213 recessissent,
864 2148 933 2200 ut
971 2150 1145 2201 extra
1183 2133 1390 2202 idum
1419 2131 1528 2204 teli
1571 2129 1800 2217 essent,
1877 2139 2014 2203 acie
2060 2127 2307 2203 diredla

258 2227 603 2332 'paullisper
646 2230 964 2304 steterunt.
1100 2233 1447 2334 Postquam
1499 2261 1704 2306 nemo
1746 2235 2037 2307 hostium
2082 2256 2306 2306 contra

263 2339 513 2423 exibat,
550 2332 882 2414 redierunt
910 2344 979 2408 in
1015 2334 1227 2409 castra.
1295 2333 1596 2409 Postero
1645 2334 1750 2408 die
1780 2340 2126 2433 Quinctius
2160 2364 2312 2436 pro-

256 2442 343 2539 'pe
372 2437 623 2513 flumen
650 2462 903 2542 praeter
942 2442 1173 2519 urbem
1216 2436 1330 2513 sub
1381 2435 1544 2539 ipsas
1579 2440 1894 2535 Men‘elaji
1936 2447 2181 2511 montis
2219 2468 2313 2511 ra-

259 2541 435 2616 dices
466 2544 699 2619 ducere
731 2552 951 2646 copias
980 2543 1312 2617 instructas
1345 2550 1572 2643 pergit.
1615 2551 1868 2643 primae
1913 2544 2312 2642 legionariae

264 2653 566 2721 ‘cohortes
607 2651 843 2722 ibantz·
874 2648 1037 2721 levis
1077 2665 1397 2745 armatpra
1441 2667 1503 2719 et
1543 2654 1791 2748 equites
1836 2672 2074 2747 agmen
2123 2673 2204 2718 co
2252 2674 2312 2719 e·

261 2751 436 2824 bant.
572 2755 775 2827 Nabis
824 2759 989 2824 intra
1043 2778 1309 2824 murum
1371 2749 1711 2824 instrudlos
1763 2746 2146 2852 paratosque
2226 2751 2311 2821 ub

256 2853 461 2954 fignis
501 2858 773 2929 habebat
810 2862 1251 2928 mercenarios
1291 2855 1567 2940 milites,
1643 2857 1753 2944 (in
1802 2857 2033 2956 quibus
2086 2860 2310 2927 omnis
2381 2864 2384 2875 '

256 2957 508 3033 fiducia
553 2969 726 3057 erat)
783 2981 854 3033 ut
904 2961 984 3032 ab
1039 2979 1224 3062 tergo
1283 2958 1541 3031 hostem
1590 2958 2061 3059 adgrederetur.
2146 2956 2315 3059 post·

349 3092 464 3136 am
493 3085 861 3137 extremum
892 3090 1132 3163 agmen
1162 3070 1524 3165 praeteriit,
1566 3084 1708 3137 tum
1751 3066 1830 3136 ab
1871 3057 2166 3163 oppido,
2210 3087 2319 3134 eo·

260 3089 421 3239 Em
450 3195 581 3268 quo
611 3165 824 3268 pridie
851 3186 1191 3265 eruperant
1217 3166 1538 3252 tumultu,
1579 3167 1869 3267 pluribus
1908 3164 2105 3238 fimul
2144 3165 2314 3238 locis

266 3292 637 3369 erumpunt.
754 3278 877 3370 Ap.
923 3269 1238 3344 Claudius
1275 3296 1517 3369 agmen
1565 3273 1871 3370 cogebat:
1939 3277 2052 3372 qui
2093 3267 2173 3341 ad
2220 3265 2314 3351 id,

258 3372 447 3476 quod
486 3369 777 3447 futurum
809 3394 974 3460 erat,
1022 3402 1109 3447 ne
1133 3380 1552 3473 inopinatum
1579 3371 1934 3456 accideret,
1981 3399 2316 3471 praepara-

259 3486 341 3549 tis
370 3475 642 3550 suorum
672 3486 950 3564 animis,
996 3476 1175 3577 figna
1208 3476 1543 3574 extemplo
1579 3482 1933 3559 convertit,
1971 3495 2317 3572 totumque

260 3588 335 3654 in
360 3581 620 3655 hostem
652 3609 892 3683 agmen
921 3578 1323 3681 circumegit.
1424 3585 1675 3679 Itaque,
1711 3579 1890 3652 velut
1919 3579 2128 3650 restae
2151 3582 2317 3648 acies

260 3684 758 3772 concurrissent,
794 3685 1032 3781 justum
1062 3680 1473 3785 aliquamdiu
1506 3683 1840 3782 proelium
1869 3676 2014 3754 fuit.
2051 3677 2319 3753 tandem

256 3788 535 3864 Nabidis
561 3790 804 3863 milites
837 3797 909 3862 in
940 3786 1169 3889 fiagam
1200 3789 1616 3861 inclinarunt.
1669 3813 1829 3889 quae
1861 3791 2081 3858 minus
2110 3779 2320 3855 infida

258 3921 338 3966 ae
369 3891 624 3992 trepida
654 3889 900 3979 fuisset,
946 3901 1018 3965 ni
1049 3898 1293 3967 Achaei
1330 3893 1642 3965 locorum
1675 3887 2031 3990 prudentes
2070 3882 2323 3960 institise

252 3993 429 4071 sent.
475 4001 548 4071 hi
589 3994 951 4073 ‹et-medem
980 4004 1316 4098 ingentem
1345 3993 1712 4081 ediderunt,
1749 4012 1815 4066 et
1844 3986 2159 4094 dispersos
2188 3986 2324 4091 pas·

1289 4104 1412 4202 Gg
1453 4126 1491 4190 5
2151 4154 2154 4155 ν
2190 4092 2320 4169 filu

256 4256 295 4272 ·⁴
372 4225 908 4308 ’yesirdsaem'Grom
1961 4262 1966 4271 =
