<?xml version="1.0" encoding="UTF-8"?>
<!DOCTYPE html PUBLIC "-//W3C//DTD XHTML 1.0 Transitional//EN"
    "http://www.w3.org/TR/xhtml1/DTD/xhtml1-transitional.dtd">
<html xmlns="http://www.w3.org/1999/xhtml" xml:lang="en" lang="en">
 <head>
  <title>
</title>
<meta http-equiv="Content-Type" content="text/html;charset=utf-8" />
  <meta name='ocr-system' content='tesseract 3.04.00' />
  <meta name='ocr-capabilities' content='ocr_page ocr_carea ocr_par ocr_line ocrx_word'/>
</head>
<body>
  <div class='ocr_page' id='page_1' title='image "./historiorarumli00grongoog_0423.png"; bbox 0 0 2732 4671; ppageno 0'>
   <div class='ocr_carea' id='block_1_1' title="bbox 430 223 1740 321">
    <p class='ocr_par' dir='ltr' id='par_1_1' title="bbox 430 223 1740 321">
     <span class='ocr_line' id='line_1_1' title="bbox 430 223 1740 321; baseline -0.002 -26"><span class='ocrx_word' id='word_1_1' title='bbox 430 240 581 321; x_wconf 74' lang='lat'>398</span> <span class='ocrx_word' id='word_1_2' title='bbox 648 275 651 282; x_wconf 65' lang='lat'>,</span> <span class='ocrx_word' id='word_1_3' title='bbox 1184 223 1258 295; x_wconf 65' lang='lat' dir='ltr'>‘rss</span> <span class='ocrx_word' id='word_1_4' title='bbox 1378 247 1740 311; x_wconf 61' lang='lat' dir='ltr'>t1·v„1.1</span> 
     </span>
    </p>
   </div>
   <div class='ocr_carea' id='block_1_2' title="bbox 342 406 2544 3838">
    <p class='ocr_par' dir='ltr' id='par_1_2' title="bbox 342 406 2544 3838">
     <span class='ocr_line' id='line_1_2' title="bbox 425 406 2485 506; baseline -0.003 -18"><span class='ocrx_word' id='word_1_5' title='bbox 425 440 573 489; x_wconf 79' lang='lat' dir='ltr'>non</span> <span class='ocrx_word' id='word_1_6' title='bbox 597 416 912 486; x_wconf 87' lang='lat' dir='ltr'>Romano</span> <span class='ocrx_word' id='word_1_7' title='bbox 939 410 1020 483; x_wconf 88' lang='lat' dir='ltr'>ad</span> <span class='ocrx_word' id='word_1_8' title='bbox 1049 433 1444 506; x_wconf 76' lang='lat' dir='ltr'>tyrannum,</span> <span class='ocrx_word' id='word_1_9' title='bbox 1491 407 1792 485; x_wconf 80' lang='lat' dir='ltr'>eundum</span> <span class='ocrx_word' id='word_1_10' title='bbox 1823 408 2098 495; x_wconf 72' lang='lat' dir='ltr'>diceret,</span> <span class='ocrx_word' id='word_1_11' title='bbox 2138 416 2209 483; x_wconf 89' lang='lat' dir='ltr'>in</span> <span class='ocrx_word' id='word_1_12' title='bbox 2234 406 2485 483; x_wconf 83' lang='lat' dir='ltr'>senten·</span> 
     </span>
     <span class='ocr_line' id='line_1_3' title="bbox 427 512 2485 615; baseline -0.002 -24"><span class='ocrx_word' id='word_1_13' title='bbox 427 526 590 592; x_wconf 80' lang='lat' dir='ltr'>tiam</span> <span class='ocrx_word' id='word_1_14' title='bbox 622 514 803 589; x_wconf 86' lang='lat' dir='ltr'>suam</span> <span class='ocrx_word' id='word_1_15' title='bbox 838 520 1228 613; x_wconf 58' lang='lat' dir='ltr'>Qiutffium</span> <span class='ocrx_word' id='word_1_16' title='bbox 1260 514 1581 600; x_wconf 74' lang='lat' dir='ltr'>traduxit,</span> <span class='ocrx_word' id='word_1_17' title='bbox 1623 543 1709 587; x_wconf 89' lang='lat' dir='ltr'>ne</span> <span class='ocrx_word' id='word_1_18' title='bbox 1735 524 1807 588; x_wconf 88' lang='lat' dir='ltr'>in</span> <span class='ocrx_word' id='word_1_19' title='bbox 1837 518 2066 587; x_wconf 88' lang='lat' dir='ltr'>urbem</span> <span class='ocrx_word' id='word_1_20' title='bbox 2114 512 2319 615; x_wconf 82' lang='lat' dir='ltr'>ipsam</span> <span class='ocrx_word' id='word_1_21' title='bbox 2364 521 2485 587; x_wconf 88' lang='lat' dir='ltr'>Ar·</span> 
     </span>
     <span class='ocr_line' id='line_1_4' title="bbox 430 617 2544 723; baseline -0.003 -28"><span class='ocrx_word' id='word_1_22' title='bbox 430 650 555 723; x_wconf 84' lang='lat' dir='ltr'>gos</span> <span class='ocrx_word' id='word_1_23' title='bbox 598 627 742 695; x_wconf 84' lang='lat' dir='ltr'>iret.</span> <span class='ocrx_word' id='word_1_24' title='bbox 895 617 1097 691; x_wconf 84' lang='lat' dir='ltr'>Haud</span> <span class='ocrx_word' id='word_1_25' title='bbox 1125 620 1356 719; x_wconf 87' lang='lat' dir='ltr'>procul</span> <span class='ocrx_word' id='word_1_26' title='bbox 1389 621 1545 692; x_wconf 89' lang='lat' dir='ltr'>urbe</span> <span class='ocrx_word' id='word_1_27' title='bbox 1576 624 1940 713; x_wconf 81' lang='lat' dir='ltr'><strong>Mycenica</strong></span> <span class='ocrx_word' id='word_1_28' title='bbox 1972 642 2255 691; x_wconf 85' lang='lat' dir='ltr'>vocatur.</span> <span class='ocrx_word' id='word_1_29' title='bbox 2296 626 2370 690; x_wconf 90' lang='lat' dir='ltr'>in</span> <span class='ocrx_word' id='word_1_30' title='bbox 2399 644 2484 690; x_wconf 91' lang='lat' dir='ltr'>eo</span> <span class='ocrx_word' id='word_1_31' title='bbox 2533 703 2544 717; x_wconf 23' lang='lat' dir='ltr'>x</span> 
     </span>
     <span class='ocr_line' id='line_1_5' title="bbox 420 717 2525 824; baseline -0.005 -22"><span class='ocrx_word' id='word_1_32' title='bbox 420 730 593 803; x_wconf 73' lang='lat' dir='ltr'>loco</span> <span class='ocrx_word' id='word_1_33' title='bbox 619 745 686 797; x_wconf 92' lang='lat' dir='ltr'>ut</span> <span class='ocrx_word' id='word_1_34' title='bbox 729 722 1314 823; x_wconf 60' lang='lat' dir='ltr'>congrederentun</span> <span class='ocrx_word' id='word_1_35' title='bbox 1355 729 1682 797; x_wconf 86' lang='lat' dir='ltr'>convenit.</span> <span class='ocrx_word' id='word_1_36' title='bbox 1787 726 2135 824; x_wconf 69' lang='lat' dir='ltr'>Qintstius</span> <span class='ocrx_word' id='word_1_37' title='bbox 2168 750 2323 794; x_wconf 88' lang='lat' dir='ltr'>cum</span> <span class='ocrx_word' id='word_1_38' title='bbox 2366 717 2487 793; x_wconf 66' lang='lat' dir='ltr'>fra⁴</span> <span class='ocrx_word' id='word_1_39' title='bbox 2522 803 2525 808; x_wconf 20' lang='lat'><em>¹</em></span> 
     </span>
     <span class='ocr_line' id='line_1_6' title="bbox 429 828 2488 927; baseline -0.003 -24"><span class='ocrx_word' id='word_1_40' title='bbox 429 834 529 903; x_wconf 84' lang='lat' dir='ltr'>tre</span> <span class='ocrx_word' id='word_1_41' title='bbox 556 848 618 901; x_wconf 90' lang='lat' dir='ltr'>et</span> <span class='ocrx_word' id='word_1_42' title='bbox 647 830 920 922; x_wconf 74' lang='lat' dir='ltr'>tribunis</span> <span class='ocrx_word' id='word_1_43' title='bbox 951 829 1242 900; x_wconf 86' lang='lat' dir='ltr'>militum</span> <span class='ocrx_word' id='word_1_44' title='bbox 1274 832 1525 927; x_wconf 83' lang='lat' dir='ltr'>paucis.,</span> <span class='ocrx_word' id='word_1_45' title='bbox 1571 828 1815 900; x_wconf 87' lang='lat' dir='ltr'>Attalus</span> <span class='ocrx_word' id='word_1_46' title='bbox 1856 855 2011 900; x_wconf 87' lang='lat' dir='ltr'>cum</span> <span class='ocrx_word' id='word_1_47' title='bbox 2057 832 2241 926; x_wconf 90' lang='lat' dir='ltr'>regio</span> <span class='ocrx_word' id='word_1_48' title='bbox 2284 831 2488 898; x_wconf 76' lang='lat' dir='ltr'>comi·</span> 
     </span>
     <span class='ocr_line' id='line_1_7' title="bbox 433 930 2484 1032; baseline -0.003 -25"><span class='ocrx_word' id='word_1_49' title='bbox 433 954 599 1016; x_wconf 77' lang='lat' dir='ltr'>tatu,</span> <span class='ocrx_word' id='word_1_50' title='bbox 653 930 1052 1008; x_wconf 83' lang='lat' dir='ltr'>Nicostratus</span> <span class='ocrx_word' id='word_1_51' title='bbox 1101 936 1525 1004; x_wconf 78' lang='lat' dir='ltr'>Achaeorum</span> <span class='ocrx_word' id='word_1_52' title='bbox 1570 954 1833 1032; x_wconf 86' lang='lat' dir='ltr'>praetor</span> <span class='ocrx_word' id='word_1_53' title='bbox 1876 930 2484 1004; x_wconf 75' lang='lat' dir='ltr'>cum‘auxiliaribut</span> 
     </span>
     <span class='ocr_line' id='line_1_8' title="bbox 436 1037 2492 1140; baseline -0.003 -29"><span class='ocrx_word' id='word_1_54' title='bbox 436 1045 660 1140; x_wconf 87' lang='lat' dir='ltr'>paucis</span> <span class='ocrx_word' id='word_1_55' title='bbox 700 1041 893 1107; x_wconf 82' lang='lat' dir='ltr'>venit.</span> <span class='ocrx_word' id='word_1_56' title='bbox 950 1056 1305 1128; x_wconf 88' lang='lat' dir='ltr'>tyrannum</span> <span class='ocrx_word' id='word_1_57' title='bbox 1356 1038 1450 1109; x_wconf 90' lang='lat' dir='ltr'>ibi</span> <span class='ocrx_word' id='word_1_58' title='bbox 1499 1057 1655 1109; x_wconf 89' lang='lat' dir='ltr'>cum</span> <span class='ocrx_word' id='word_1_59' title='bbox 1701 1037 2013 1108; x_wconf 88' lang='lat' dir='ltr'>omnibus</span> <span class='ocrx_word' id='word_1_60' title='bbox 2053 1039 2264 1134; x_wconf 76' lang='lat' dir='ltr'>copiis</span> <span class='ocrx_word' id='word_1_61' title='bbox 2295 1059 2492 1133; x_wconf 63' lang='lat' dir='ltr'>oppe*</span> 
     </span>
     <span class='ocr_line' id='line_1_9' title="bbox 440 1136 2489 1240; baseline -0.003 -24"><span class='ocrx_word' id='word_1_62' title='bbox 440 1150 722 1216; x_wconf 82' lang='lat' dir='ltr'>rientem</span> <span class='ocrx_word' id='word_1_63' title='bbox 757 1146 1166 1212; x_wconf 85' lang='lat' dir='ltr'>invenerunt.</span> <span class='ocrx_word' id='word_1_64' title='bbox 1209 1136 1571 1240; x_wconf 71' lang='lat' dir='ltr'>progress&#39;us</span> <span class='ocrx_word' id='word_1_65' title='bbox 1604 1151 1881 1212; x_wconf 85' lang='lat' dir='ltr'>armatus</span> <span class='ocrx_word' id='word_1_66' title='bbox 1924 1166 2082 1212; x_wconf 88' lang='lat' dir='ltr'>cum</span> <span class='ocrx_word' id='word_1_67' title='bbox 2115 1136 2489 1211; x_wconf 87' lang='lat' dir='ltr'>satellitibus</span> 
     </span>
     <span class='ocr_line' id='line_1_10' title="bbox 438 1240 2488 1342; baseline -0.003 -23"><span class='ocrx_word' id='word_1_68' title='bbox 438 1248 701 1319; x_wconf 85' lang='lat' dir='ltr'>armatis</span> <span class='ocrx_word' id='word_1_69' title='bbox 749 1250 808 1337; x_wconf 78' lang='lat' dir='ltr'>t)</span> <span class='ocrx_word' id='word_1_70' title='bbox 850 1243 1035 1314; x_wconf 85' lang='lat' dir='ltr'>estin</span> <span class='ocrx_word' id='word_1_71' title='bbox 1064 1240 1363 1317; x_wconf 87' lang='lat' dir='ltr'>medium</span> <span class='ocrx_word' id='word_1_72' title='bbox 1403 1240 1541 1316; x_wconf 89' lang='lat' dir='ltr'>fere</span> <span class='ocrx_word' id='word_1_73' title='bbox 1569 1251 1996 1339; x_wconf 84' lang='lat' dir='ltr'>interjacentis</span> <span class='ocrx_word' id='word_1_74' title='bbox 2024 1248 2282 1342; x_wconf 84' lang='lat' dir='ltr'>campi:</span> <span class='ocrx_word' id='word_1_75' title='bbox 2328 1248 2488 1314; x_wconf 76' lang='lat' dir='ltr'>iner-</span> 
     </span>
     <span class='ocr_line' id='line_1_11' title="bbox 446 1343 2494 1458; baseline -0.004 -35"><span class='ocrx_word' id='word_1_76' title='bbox 446 1358 577 1423; x_wconf 88' lang='lat' dir='ltr'>mis</span> <span class='ocrx_word' id='word_1_77' title='bbox 620 1350 967 1458; x_wconf 67' lang='lat' dir='ltr'>Qindtius</span> <span class='ocrx_word' id='word_1_78' title='bbox 1015 1376 1166 1420; x_wconf 89' lang='lat' dir='ltr'>cum</span> <span class='ocrx_word' id='word_1_79' title='bbox 1210 1343 1404 1420; x_wconf 83' lang='lat' dir='ltr'>fratre</span> <span class='ocrx_word' id='word_1_80' title='bbox 1444 1369 1508 1421; x_wconf 91' lang='lat' dir='ltr'>et</span> <span class='ocrx_word' id='word_1_81' title='bbox 1548 1345 1800 1419; x_wconf 90' lang='lat' dir='ltr'>duobus</span> <span class='ocrx_word' id='word_1_82' title='bbox 1842 1350 2115 1420; x_wconf 90' lang='lat' dir='ltr'>tribunis</span> <span class='ocrx_word' id='word_1_83' title='bbox 2169 1346 2494 1419; x_wconf 60' lang='lat' dir='ltr'>militum}</span> 
     </span>
     <span class='ocr_line' id='line_1_12' title="bbox 444 1446 2489 1551; baseline -0.002 -26"><span class='ocrx_word' id='word_1_84' title='bbox 444 1446 690 1526; x_wconf 79' lang='lat' dir='ltr'>inermi</span> <span class='ocrx_word' id='word_1_85' title='bbox 745 1459 807 1546; x_wconf 79' lang='lat' dir='ltr'>s)</span> <span class='ocrx_word' id='word_1_86' title='bbox 843 1458 1007 1523; x_wconf 86' lang='lat' dir='ltr'>item</span> <span class='ocrx_word' id='word_1_87' title='bbox 1038 1460 1173 1551; x_wconf 81' lang='lat' dir='ltr'>regi</span> <span class='ocrx_word' id='word_1_88' title='bbox 1204 1471 1462 1551; x_wconf 86' lang='lat' dir='ltr'>praetor</span> <span class='ocrx_word' id='word_1_89' title='bbox 1491 1457 1909 1526; x_wconf 83' lang='lat' dir='ltr'>Achaeorum</span> <span class='ocrx_word' id='word_1_90' title='bbox 1939 1475 2004 1523; x_wconf 89' lang='lat' dir='ltr'>et</span> <span class='ocrx_word' id='word_1_91' title='bbox 2032 1475 2196 1523; x_wconf 88' lang='lat' dir='ltr'>unus</span> <span class='ocrx_word' id='word_1_92' title='bbox 2223 1477 2305 1522; x_wconf 87' lang='lat' dir='ltr'>ex</span> <span class='ocrx_word' id='word_1_93' title='bbox 2394 1472 2489 1521; x_wconf 81' lang='lat' dir='ltr'>ur·</span> 
     </span>
     <span class='ocr_line' id='line_1_13' title="bbox 444 1551 2495 1658; baseline -0.002 -29"><span class='ocrx_word' id='word_1_94' title='bbox 444 1562 687 1658; x_wconf 85' lang='lat' dir='ltr'>puratis</span> <span class='ocrx_word' id='word_1_95' title='bbox 718 1554 880 1626; x_wconf 86' lang='lat' dir='ltr'>latus</span> <span class='ocrx_word' id='word_1_96' title='bbox 906 1559 1272 1653; x_wconf 83' lang='lat' dir='ltr'><strong>cingebant.</strong></span> <span class='ocrx_word' id='word_1_97' title='bbox 1380 1560 1654 1645; x_wconf 84' lang='lat' dir='ltr'>Initium</span> <span class='ocrx_word' id='word_1_98' title='bbox 1681 1551 1999 1628; x_wconf 88' lang='lat' dir='ltr'>sermonis</span> <span class='ocrx_word' id='word_1_99' title='bbox 2029 1556 2107 1627; x_wconf 89' lang='lat' dir='ltr'>ab</span> <span class='ocrx_word' id='word_1_100' title='bbox 2149 1581 2229 1625; x_wconf 89' lang='lat' dir='ltr'>ex</span> <span class='ocrx_word' id='word_1_101' title='bbox 2343 1558 2495 1625; x_wconf 88' lang='lat' dir='ltr'>atio·</span> 
     </span>
     <span class='ocr_line' id='line_1_14' title="bbox 446 1655 2495 1755; baseline -0.002 -21"><span class='ocrx_word' id='word_1_102' title='bbox 446 1689 536 1735; x_wconf 85' lang='lat' dir='ltr'>ne</span> <span class='ocrx_word' id='word_1_103' title='bbox 549 1665 825 1753; x_wconf 80' lang='lat' dir='ltr'>&#39;tyranni</span> <span class='ocrx_word' id='word_1_104' title='bbox 858 1678 1115 1743; x_wconf 76' lang='lat' dir='ltr'>ortum,</span> <span class='ocrx_word' id='word_1_105' title='bbox 1150 1660 1335 1755; x_wconf 76' lang='lat' dir='ltr'>quod</span> <span class='ocrx_word' id='word_1_106' title='bbox 1358 1675 1650 1731; x_wconf 78' lang='lat' dir='ltr'>armatus</span> <span class='ocrx_word' id='word_1_107' title='bbox 1678 1658 1805 1753; x_wconf 61' lang='lat' dir='ltr'>ips}</span> <span class='ocrx_word' id='word_1_108' title='bbox 1855 1655 2495 1755; x_wconf 56' lang='lat' dir='ltr'>armattsqueseptuss</span> 
     </span>
     <span class='ocr_line' id='line_1_15' title="bbox 445 1766 2498 1866; baseline -0.003 -29"><span class='ocrx_word' id='word_1_109' title='bbox 445 1788 648 1866; x_wconf 80' lang='lat' dir='ltr'>quum</span> <span class='ocrx_word' id='word_1_110' title='bbox 691 1768 961 1835; x_wconf 80' lang='lat' dir='ltr'>inermes</span> <span class='ocrx_word' id='word_1_111' title='bbox 1002 1766 1369 1833; x_wconf 81' lang='lat' dir='ltr'>Romanum</span> <span class='ocrx_word' id='word_1_112' title='bbox 1407 1768 1859 1857; x_wconf 75' lang='lat' dir='ltr'>imperatorem</span> <span class='ocrx_word' id='word_1_113' title='bbox 1899 1788 2233 1860; x_wconf 75' lang='lat' dir='ltr'>regemque</span> <span class='ocrx_word' id='word_1_114' title='bbox 2298 1785 2498 1833; x_wconf 71' lang='lat' dir='ltr'>cerne·</span> 
     </span>
     <span class='ocr_line' id='line_1_16' title="bbox 445 1865 2497 1963; baseline -0.004 -21"><span class='ocrx_word' id='word_1_115' title='bbox 445 1884 591 1952; x_wconf 67' lang='lat' dir='ltr'>reo,</span> <span class='ocrx_word' id='word_1_116' title='bbox 638 1873 708 1938; x_wconf 80' lang='lat' dir='ltr'>in</span> <span class='ocrx_word' id='word_1_117' title='bbox 754 1871 1155 1961; x_wconf 79' lang='lat' dir='ltr'><em>conloquium</em></span> <span class='ocrx_word' id='word_1_118' title='bbox 1200 1865 1478 1962; x_wconf 75' lang='lat' dir='ltr'>vemffet.</span> <span class='ocrx_word' id='word_1_119' title='bbox 1535 1890 1731 1963; x_wconf 79' lang='lat' dir='ltr'>neque</span> <span class='ocrx_word' id='word_1_120' title='bbox 1770 1867 2019 1958; x_wconf 78' lang='lat' dir='ltr'>enimfi·</span> <span class='ocrx_word' id='word_1_121' title='bbox 2061 1870 2213 1938; x_wconf 82' lang='lat' dir='ltr'>illos</span> <span class='ocrx_word' id='word_1_122' title='bbox 2251 1868 2497 1947; x_wconf 76' lang='lat' dir='ltr'>timere,</span> 
     </span>
     <span class='ocr_line' id='line_1_17' title="bbox 448 1962 2499 2067; baseline -0.002 -24"><span class='ocrx_word' id='word_1_123' title='bbox 448 1970 651 2053; x_wconf 81' lang='lat' dir='ltr'>dixit,</span> <span class='ocrx_word' id='word_1_124' title='bbox 697 1974 768 2060; x_wconf 76' lang='grc' dir='ltr'>ι)</span> <span class='ocrx_word' id='word_1_125' title='bbox 796 1970 927 2062; x_wconf 79' lang='lat' dir='ltr'>sed</span> <span class='ocrx_word' id='word_1_126' title='bbox 952 1973 1166 2041; x_wconf 73' lang='lat' dir='ltr'>exules</span> <span class='ocrx_word' id='word_1_127' title='bbox 1198 1969 1669 2067; x_wconf 64' lang='lat' dir='ltr'>Argivorum„</span> <span class='ocrx_word' id='word_1_128' title='bbox 1751 1962 1949 2054; x_wconf 75' lang='lat' dir='ltr'>Inde,</span> <span class='ocrx_word' id='word_1_129' title='bbox 1993 1973 2100 2042; x_wconf 91' lang='lat' dir='ltr'>ubi</span> <span class='ocrx_word' id='word_1_130' title='bbox 2162 1966 2244 2042; x_wconf 89' lang='lat' dir='ltr'>de</span> <span class='ocrx_word' id='word_1_131' title='bbox 2273 1965 2499 2041; x_wconf 80' lang='lat' dir='ltr'>condi·</span> 
     </span>
     <span class='ocr_line' id='line_1_18' title="bbox 446 2071 2503 2173; baseline -0.002 -26"><span class='ocrx_word' id='word_1_132' title='bbox 446 2075 737 2147; x_wconf 74' lang='lat' dir='ltr'>tionibus</span> <span class='ocrx_word' id='word_1_133' title='bbox 763 2077 1088 2144; x_wconf 81' lang='lat' dir='ltr'>amicitiae</span> <span class='ocrx_word' id='word_1_134' title='bbox 1119 2096 1430 2172; x_wconf 88' lang='lat' dir='ltr'>coeptum</span> <span class='ocrx_word' id='word_1_135' title='bbox 1482 2079 1587 2172; x_wconf 85' lang='lat' dir='ltr'>agi</span> <span class='ocrx_word' id='word_1_136' title='bbox 1619 2072 1747 2158; x_wconf 75' lang='lat' dir='ltr'>est,</span> <span class='ocrx_word' id='word_1_137' title='bbox 1813 2077 2150 2147; x_wconf 87' lang='lat' dir='ltr'>Romanus</span> <span class='ocrx_word' id='word_1_138' title='bbox 2192 2071 2348 2146; x_wconf 89' lang='lat' dir='ltr'>duas</span> <span class='ocrx_word' id='word_1_139' title='bbox 2387 2099 2503 2173; x_wconf 78' lang='lat' dir='ltr'>po·</span> 
     </span>
     <span class='ocr_line' id='line_1_19' title="bbox 414 2177 2505 2269; baseline -0.002 -18"><span class='ocrx_word' id='word_1_140' title='bbox 414 2178 684 2254; x_wconf 41' lang='lat' dir='ltr'>nssulare</span> <span class='ocrx_word' id='word_1_141' title='bbox 714 2203 846 2248; x_wconf 85' lang='lat' dir='ltr'>res:</span> <span class='ocrx_word' id='word_1_142' title='bbox 898 2203 1135 2261; x_wconf 76' lang='lat' dir='ltr'>unam,</span> <span class='ocrx_word' id='word_1_143' title='bbox 1181 2198 1251 2248; x_wconf 88' lang='lat' dir='ltr'>ut</span> <span class='ocrx_word' id='word_1_144' title='bbox 1274 2178 1522 2250; x_wconf 89' lang='lat' dir='ltr'>bellum</span> <span class='ocrx_word' id='word_1_145' title='bbox 1550 2203 1707 2269; x_wconf 84' lang='lat' dir='ltr'>cum</span> <span class='ocrx_word' id='word_1_146' title='bbox 1733 2183 2010 2252; x_wconf 84' lang='lat' dir='ltr'>Achaeis</span> <span class='ocrx_word' id='word_1_147' title='bbox 2050 2178 2305 2250; x_wconf 84' lang='lat' dir='ltr'>finiret:</span> <span class='ocrx_word' id='word_1_148' title='bbox 2362 2177 2505 2249; x_wconf 86' lang='lat' dir='ltr'>alte·</span> 
     </span>
     <span class='ocr_line' id='line_1_20' title="bbox 342 2277 2500 2383; baseline -0.001 -26"><span class='ocrx_word' id='word_1_149' title='bbox 342 2330 348 2347; x_wconf 46' lang='lat' dir='ltr'>s</span> <span class='ocrx_word' id='word_1_150' title='bbox 451 2311 636 2366; x_wconf 73' lang='lat' dir='ltr'>raim</span> <span class='ocrx_word' id='word_1_151' title='bbox 677 2301 746 2353; x_wconf 88' lang='lat' dir='ltr'>ut</span> <span class='ocrx_word' id='word_1_152' title='bbox 810 2277 1111 2381; x_wconf 85' lang='lat' dir='ltr'>adversus</span> <span class='ocrx_word' id='word_1_153' title='bbox 1183 2282 1563 2383; x_wconf 87' lang='lat' dir='ltr'>Philippum</span> <span class='ocrx_word' id='word_1_154' title='bbox 1627 2287 1911 2356; x_wconf 87' lang='lat' dir='ltr'>mitteret</span> <span class='ocrx_word' id='word_1_155' title='bbox 1947 2279 2170 2355; x_wconf 87' lang='lat' dir='ltr'>secum</span> <span class='ocrx_word' id='word_1_156' title='bbox 2247 2281 2500 2354; x_wconf 81' lang='lat' dir='ltr'>auxilia.</span> 
     </span>
     <span class='ocr_line' id='line_1_21' title="bbox 452 2381 2503 2487; baseline -0.003 -24"><span class='ocrx_word' id='word_1_157' title='bbox 452 2394 551 2463; x_wconf 88' lang='lat' dir='ltr'>Ea</span> <span class='ocrx_word' id='word_1_158' title='bbox 586 2382 663 2481; x_wconf 73' lang='lat'>⁴¹)</span> <span class='ocrx_word' id='word_1_159' title='bbox 704 2381 771 2458; x_wconf 83' lang='lat' dir='ltr'>se</span> <span class='ocrx_word' id='word_1_160' title='bbox 803 2382 1150 2459; x_wconf 86' lang='lat' dir='ltr'>missurum</span> <span class='ocrx_word' id='word_1_161' title='bbox 1187 2383 1366 2459; x_wconf 83' lang='lat' dir='ltr'>dixit.</span> <span class='ocrx_word' id='word_1_162' title='bbox 1411 2413 1532 2485; x_wconf 88' lang='lat' dir='ltr'>pro</span> <span class='ocrx_word' id='word_1_163' title='bbox 1561 2414 1719 2487; x_wconf 88' lang='lat' dir='ltr'>pace</span> <span class='ocrx_word' id='word_1_164' title='bbox 1745 2415 1898 2459; x_wconf 90' lang='lat' dir='ltr'>cum</span> <span class='ocrx_word' id='word_1_165' title='bbox 1944 2392 2262 2471; x_wconf 76' lang='lat' dir='ltr'>AchaeiS,</span> <span class='ocrx_word' id='word_1_166' title='bbox 2316 2383 2503 2465; x_wconf 83' lang='lat' dir='ltr'>indu·</span> 
     </span>
     <span class='ocr_line' id='line_1_22' title="bbox 454 2484 2496 2590; baseline -0.003 -24"><span class='ocrx_word' id='word_1_167' title='bbox 454 2499 596 2566; x_wconf 82' lang='lat' dir='ltr'>ciae</span> <span class='ocrx_word' id='word_1_168' title='bbox 637 2498 1024 2589; x_wconf 52' lang='lat' dir='ltr'>inpetrata,</span> <span class='ocrx_word' id='word_1_169' title='bbox 1083 2484 1298 2562; x_wconf 88' lang='lat' dir='ltr'>donec</span> <span class='ocrx_word' id='word_1_170' title='bbox 1325 2491 1574 2563; x_wconf 87' lang='lat' dir='ltr'>bellum</span> <span class='ocrx_word' id='word_1_171' title='bbox 1606 2518 1761 2563; x_wconf 90' lang='lat' dir='ltr'>cum</span> <span class='ocrx_word' id='word_1_172' title='bbox 1793 2490 2104 2590; x_wconf 88' lang='lat' dir='ltr'>Philippo</span> <span class='ocrx_word' id='word_1_173' title='bbox 2150 2490 2496 2562; x_wconf 81' lang='lat' dir='ltr'>finiretur.·</span> 
     </span>
     <span class='ocr_line' id='line_1_23' title="bbox 600 2586 2504 2695; baseline -0.001 -29"><span class='ocrx_word' id='word_1_174' title='bbox 600 2598 727 2666; x_wconf 86' lang='lat' dir='ltr'>XL.</span> <span class='ocrx_word' id='word_1_175' title='bbox 773 2599 879 2679; x_wconf 86' lang='lat' dir='ltr'>De</span> <span class='ocrx_word' id='word_1_176' title='bbox 921 2599 1113 2693; x_wconf 82' lang='lat' dir='ltr'>Argis</span> <span class='ocrx_word' id='word_1_177' title='bbox 1154 2621 1415 2695; x_wconf 91' lang='lat' dir='ltr'>quoque</span> <span class='ocrx_word' id='word_1_178' title='bbox 1458 2590 1831 2694; x_wconf 81' lang='lat' dir='ltr'>disceptatio</span> <span class='ocrx_word' id='word_1_179' title='bbox 1872 2600 1949 2670; x_wconf 88' lang='lat' dir='ltr'>ab</span> <span class='ocrx_word' id='word_1_180' title='bbox 1988 2594 2395 2694; x_wconf 82' lang='lat' dir='ltr'>Attalo&#39;rege</span> <span class='ocrx_word' id='word_1_181' title='bbox 2422 2586 2504 2665; x_wconf 82' lang='lat' dir='ltr'>est</span> 
     </span>
     <span class='ocr_line' id='line_1_24' title="bbox 457 2693 2500 2798; baseline -0.002 -25"><span class='ocrx_word' id='word_1_182' title='bbox 457 2719 638 2773; x_wconf 82' lang='lat' dir='ltr'>nata:</span> <span class='ocrx_word' id='word_1_183' title='bbox 692 2725 896 2798; x_wconf 90' lang='lat' dir='ltr'>quum</span> <span class='ocrx_word' id='word_1_184' title='bbox 926 2693 1154 2770; x_wconf 89' lang='lat' dir='ltr'>fraude</span> <span class='ocrx_word' id='word_1_185' title='bbox 1185 2698 1502 2771; x_wconf 83' lang='lat' dir='ltr'>Philoclis</span> <span class='ocrx_word' id='word_1_186' title='bbox 1545 2695 1877 2797; x_wconf 88' lang='lat' dir='ltr'>proditam</span> <span class='ocrx_word' id='word_1_187' title='bbox 1920 2704 2151 2774; x_wconf 87' lang='lat' dir='ltr'>urbem</span> <span class='ocrx_word' id='word_1_188' title='bbox 2197 2705 2262 2770; x_wconf 89' lang='lat' dir='ltr'>vi</span> <span class='ocrx_word' id='word_1_189' title='bbox 2304 2700 2379 2770; x_wconf 87' lang='lat' dir='ltr'>ab</span> <span class='ocrx_word' id='word_1_190' title='bbox 2421 2718 2500 2768; x_wconf 92' lang='lat' dir='ltr'>eo</span> 
     </span>
     <span class='ocr_line' id='line_1_25' title="bbox 456 2797 2504 2900; baseline -0.002 -24"><span class='ocrx_word' id='word_1_191' title='bbox 456 2808 664 2876; x_wconf 85' lang='lat' dir='ltr'>teneri</span> <span class='ocrx_word' id='word_1_192' title='bbox 693 2822 1016 2899; x_wconf 81' lang='lat' dir='ltr'>argueret3</span> <span class='ocrx_word' id='word_1_193' title='bbox 1057 2801 1210 2883; x_wconf 81' lang='lat' dir='ltr'>ille,</span> <span class='ocrx_word' id='word_1_194' title='bbox 1255 2804 1333 2873; x_wconf 84' lang='lat' dir='ltr'>ab</span> <span class='ocrx_word' id='word_1_195' title='bbox 1364 2799 1515 2899; x_wconf 81' lang='lat' dir='ltr'>ipfis</span> <span class='ocrx_word' id='word_1_196' title='bbox 1546 2807 1843 2900; x_wconf 70' lang='lat' dir='ltr'>Argivis,</span> <span class='ocrx_word' id='word_1_197' title='bbox 1886 2823 1956 2874; x_wconf 94' lang='lat' dir='ltr'>ut</span> <span class='ocrx_word' id='word_1_198' title='bbox 2004 2800 2071 2875; x_wconf 90' lang='lat' dir='ltr'>se</span> <span class='ocrx_word' id='word_1_199' title='bbox 2110 2797 2504 2884; x_wconf 75' lang='lat' dir='ltr'>defenderet,</span> 
     </span>
     <span class='ocr_line' id='line_1_26' title="bbox 458 2901 2506 3004; baseline -0.001 -26"><span class='ocrx_word' id='word_1_200' title='bbox 458 2904 766 2978; x_wconf 88' lang='lat' dir='ltr'>adcitum.</span> <span class='ocrx_word' id='word_1_201' title='bbox 869 2908 1294 2976; x_wconf 88' lang='lat' dir='ltr'>Concionem</span> <span class='ocrx_word' id='word_1_202' title='bbox 1325 2907 1729 3002; x_wconf 87' lang='lat' dir='ltr'>Argivorum</span> <span class='ocrx_word' id='word_1_203' title='bbox 1759 2933 1868 2979; x_wconf 86' lang='lat' dir='ltr'>rex</span> <span class='ocrx_word' id='word_1_204' title='bbox 1897 2906 2292 3004; x_wconf 81' lang='lat' dir='ltr'>postulabat,</span> <span class='ocrx_word' id='word_1_205' title='bbox 2346 2928 2415 2978; x_wconf 94' lang='lat' dir='ltr'>ut</span> <span class='ocrx_word' id='word_1_206' title='bbox 2440 2901 2506 2977; x_wconf 85' lang='lat' dir='ltr'>id</span> 
     </span>
     <span class='ocr_line' id='line_1_27' title="bbox 453 3001 2510 3104; baseline 0 -23"><span class='ocrx_word' id='word_1_207' title='bbox 453 3005 605 3081; x_wconf 83' lang='lat' dir='ltr'>sciri</span> <span class='ocrx_word' id='word_1_208' title='bbox 643 3001 866 3104; x_wconf 83' lang='lat' dir='ltr'>posset.</span> <span class='ocrx_word' id='word_1_209' title='bbox 1008 3011 1153 3079; x_wconf 89' lang='lat' dir='ltr'>Nec</span> <span class='ocrx_word' id='word_1_210' title='bbox 1192 3027 1508 3099; x_wconf 83' lang='lat' dir='ltr'>tyrannus</span> <span class='ocrx_word' id='word_1_211' title='bbox 1538 3011 1853 3081; x_wconf 85' lang='lat' dir='ltr'>abnuere:</span> <span class='ocrx_word' id='word_1_212' title='bbox 1900 3007 2047 3096; x_wconf 76' lang='lat' dir='ltr'>sed,</span> <span class='ocrx_word' id='word_1_213' title='bbox 2091 3007 2383 3082; x_wconf 60' lang='lat' dir='ltr'>deductis</span> <span class='ocrx_word' id='word_1_214' title='bbox 2434 3035 2510 3081; x_wconf 81' lang='lat' dir='ltr'>ex</span> 
     </span>
     <span class='ocr_line' id='line_1_28' title="bbox 455 3105 2513 3210; baseline 0.001 -27"><span class='ocrx_word' id='word_1_215' title='bbox 455 3111 616 3184; x_wconf 89' lang='lat' dir='ltr'>urbe</span> <span class='ocrx_word' id='word_1_216' title='bbox 657 3105 1030 3207; x_wconf 55' lang='lat' dir='ltr'>praefgliiS,</span> <span class='ocrx_word' id='word_1_217' title='bbox 1069 3109 1342 3210; x_wconf 63' lang='lat' dir='ltr'>liberam</span> <span class='ocrx_word' id='word_1_218' title='bbox 1381 3115 1823 3199; x_wconf 72' lang='lat' dir='ltr'>concionem,</span> <span class='ocrx_word' id='word_1_219' title='bbox 1878 3122 2362 3188; x_wconf 70' lang='lat' dir='ltr'>non‘inmixtis</span> <span class='ocrx_word' id='word_1_220' title='bbox 2403 3118 2513 3186; x_wconf 85' lang='lat' dir='ltr'>La·</span> 
     </span>
     <span class='ocr_line' id='line_1_29' title="bbox 434 3211 2510 3318; baseline 0.002 -34"><span class='ocrx_word' id='word_1_221' title='bbox 434 3211 941 3296; x_wconf 60' lang='lat' dir='ltr'>,cedaeinoniis,‚</span> <span class='ocrx_word' id='word_1_222' title='bbox 991 3211 1493 3302; x_wconf 75' lang='lat' dir='ltr'>declaraturam,</span> <span class='ocrx_word' id='word_1_223' title='bbox 1544 3214 1705 3317; x_wconf 89' lang='lat' dir='ltr'>quid</span> <span class='ocrx_word' id='word_1_224' title='bbox 1738 3224 1970 3318; x_wconf 86' lang='lat' dir='ltr'>Argivi</span> <span class='ocrx_word' id='word_1_225' title='bbox 2018 3220 2291 3302; x_wconf 78' lang='lat' dir='ltr'>vellent,</span> <span class='ocrx_word' id='word_1_226' title='bbox 2336 3245 2510 3318; x_wconf 57' lang='lat' dir='ltr'>prae*</span> 
     </span>
     <span class='ocr_line' id='line_1_30' title="bbox 456 3314 2513 3422; baseline 0.001 -31"><span class='ocrx_word' id='word_1_227' title='bbox 456 3315 600 3391; x_wconf 87' lang='lat' dir='ltr'>beri</span> <span class='ocrx_word' id='word_1_228' title='bbox 635 3314 866 3389; x_wconf 87' lang='lat' dir='ltr'>debere</span> <span class='ocrx_word' id='word_1_229' title='bbox 896 3315 1148 3391; x_wconf 86' lang='lat' dir='ltr'>dicebat</span> <span class='ocrx_word' id='word_1_230' title='bbox 1177 3346 1306 3392; x_wconf 86' lang='lat' dir='ltr'>rex.</span> <span class='ocrx_word' id='word_1_231' title='bbox 1381 3324 1743 3412; x_wconf 81' lang='lat' dir='ltr'>Tyrannus</span> <span class='ocrx_word' id='word_1_232' title='bbox 1768 3329 2030 3422; x_wconf 83' lang='lat' dir='ltr'>negavit</span> <span class='ocrx_word' id='word_1_233' title='bbox 2058 3321 2513 3396; x_wconf 67' lang='lat' dir='ltr'>deducturum.</span> 
     </span>
     <span class='ocr_line' id='line_1_31' title="bbox 461 3417 2517 3529; baseline 0.001 -33"><span class='ocrx_word' id='word_1_234' title='bbox 461 3424 652 3496; x_wconf 87' lang='lat' dir='ltr'>Haec</span> <span class='ocrx_word' id='word_1_235' title='bbox 678 3417 1051 3520; x_wconf 78' lang='lat' dir='ltr'>disceptatio</span> <span class='ocrx_word' id='word_1_236' title='bbox 1081 3417 1218 3496; x_wconf 83' lang='lat' dir='ltr'>fine</span> <span class='ocrx_word' id='word_1_237' title='bbox 1247 3427 1425 3496; x_wconf 83' lang='lat' dir='ltr'>exim</span> <span class='ocrx_word' id='word_1_238' title='bbox 1455 3421 1609 3499; x_wconf 78' lang='lat' dir='ltr'>suit.-</span> <span class='ocrx_word' id='word_1_239' title='bbox 1742 3428 1848 3499; x_wconf 90' lang='lat' dir='ltr'>De</span> <span class='ocrx_word' id='word_1_240' title='bbox 1893 3427 2258 3529; x_wconf 88' lang='lat' dir='ltr'>conloquio</span> <span class='ocrx_word' id='word_1_241' title='bbox 2288 3422 2517 3498; x_wconf 87' lang='lat' dir='ltr'>disces·</span> 
     </span>
     <span class='ocr_line' id='line_1_32' title="bbox 459 3519 2523 3623; baseline 0.001 -23"><span class='ocrx_word' id='word_1_242' title='bbox 459 3519 640 3611; x_wconf 78' lang='lat' dir='ltr'>sum,</span> <span class='ocrx_word' id='word_1_243' title='bbox 696 3522 1007 3598; x_wconf 80' lang='lat' dir='ltr'>sexcentis</span> <span class='ocrx_word' id='word_1_244' title='bbox 1051 3527 1460 3600; x_wconf 78' lang='lat' dir='ltr'>Cretensibus</span> <span class='ocrx_word' id='word_1_245' title='bbox 1511 3531 1590 3601; x_wconf 83' lang='lat' dir='ltr'>ab</span> <span class='ocrx_word' id='word_1_246' title='bbox 1629 3550 1910 3623; x_wconf 83' lang='lat' dir='ltr'>tyranno</span> <span class='ocrx_word' id='word_1_247' title='bbox 1959 3528 2121 3604; x_wconf 87' lang='lat' dir='ltr'>datis</span> <span class='ocrx_word' id='word_1_248' title='bbox 2179 3537 2523 3613; x_wconf 48' lang='lat' dir='ltr'>Romano·</span> 
     </span>
     <span class='ocr_line' id='line_1_33' title="bbox 458 3626 2520 3732; baseline -0 -26"><span class='ocrx_word' id='word_1_249' title='bbox 458 3626 869 3730; x_wconf 82' lang='lat' dir='ltr'>induciisque</span> <span class='ocrx_word' id='word_1_250' title='bbox 916 3631 1083 3703; x_wconf 86' lang='lat' dir='ltr'>inter</span> <span class='ocrx_word' id='word_1_251' title='bbox 1113 3632 1550 3706; x_wconf 86' lang='lat' dir='ltr'>Nicostratum</span> <span class='ocrx_word' id='word_1_252' title='bbox 1587 3655 1955 3732; x_wconf 85' lang='lat' dir='ltr'>praetorem</span> <span class='ocrx_word' id='word_1_253' title='bbox 1987 3643 2412 3710; x_wconf 83' lang='lat' dir='ltr'>Achaeorum</span> <span class='ocrx_word' id='word_1_254' title='bbox 2456 3654 2520 3705; x_wconf 87' lang='lat' dir='ltr'>et</span> 
     </span>
     <span class='ocr_line' id='line_1_34' title="bbox 458 3733 2518 3838; baseline -0 -29"><span class='ocrx_word' id='word_1_255' title='bbox 458 3733 1142 3809; x_wconf 82' lang='lat' dir='ltr'>Lacedaemoniorum</span> <span class='ocrx_word' id='word_1_256' title='bbox 1181 3757 1539 3828; x_wconf 88' lang='lat' dir='ltr'>tyrannum</span> <span class='ocrx_word' id='word_1_257' title='bbox 1577 3743 1650 3810; x_wconf 91' lang='lat' dir='ltr'>in</span> <span class='ocrx_word' id='word_1_258' title='bbox 1694 3757 1973 3838; x_wconf 87' lang='lat' dir='ltr'>quatuor</span> <span class='ocrx_word' id='word_1_259' title='bbox 2012 3736 2266 3815; x_wconf 79' lang='lat' dir='ltr'>menses</span> <span class='ocrx_word' id='word_1_260' title='bbox 2310 3737 2518 3812; x_wconf 68' lang='lat' dir='ltr'>fadis.</span> 
     </span>
    </p>
   </div>
   <div class='ocr_carea' id='block_1_3' title="bbox 531 3840 2524 4167">
    <p class='ocr_par' dir='ltr' id='par_1_3' title="bbox 531 3840 2524 4167">
     <span class='ocr_line' id='line_1_35' title="bbox 1532 3840 2524 3951; baseline -0.001 -38"><span class='ocrx_word' id='word_1_261' title='bbox 1532 3873 1586 3913; x_wconf 60' lang='lat' dir='ltr'>x</span> <span class='ocrx_word' id='word_1_262' title='bbox 1808 3942 1813 3951; x_wconf 22' lang='grc' dir='ltr'><strong>ι</strong></span> <span class='ocrx_word' id='word_1_263' title='bbox 2354 3840 2524 3914; x_wconf 81' lang='lat' dir='ltr'>Inde</span> 
     </span>
     <span class='ocr_line' id='line_1_36' title="bbox 533 4036 2522 4116; baseline 0.006 -26"><span class='ocrx_word' id='word_1_264' title='bbox 533 4054 562 4094; x_wconf 73' lang='lat' dir='ltr'>r</span> <span class='ocrx_word' id='word_1_265' title='bbox 640 4041 837 4091; x_wconf 68' lang='lat' dir='ltr'>amatis</span> <span class='ocrx_word' id='word_1_266' title='bbox 865 4036 965 4090; x_wconf 88' lang='lat' dir='ltr'>del.</span> <span class='ocrx_word' id='word_1_267' title='bbox 1001 4036 1156 4093; x_wconf 70' lang='lat' dir='ltr'>Gran.</span> <span class='ocrx_word' id='word_1_268' title='bbox 1531 4036 1611 4111; x_wconf 79' lang='lat' dir='ltr'>u)</span> <span class='ocrx_word' id='word_1_269' title='bbox 1644 4042 1845 4105; x_wconf 59' lang='lat' dir='ltr'>auxilia.</span> <span class='ocrx_word' id='word_1_270' title='bbox 1916 4045 2122 4101; x_wconf 72' lang='lat' dir='ltr'>Auxilia</span> <span class='ocrx_word' id='word_1_271' title='bbox 2137 4043 2328 4116; x_wconf 61' lang='lat' dir='ltr'><em>J‘ffl‘ffi</em></span> <span class='ocrx_word' id='word_1_272' title='bbox 2352 4048 2522 4109; x_wconf 66' lang='lat' dir='ltr'>Gran</span> 
     </span>
     <span class='ocr_line' id='line_1_37' title="bbox 531 4111 2267 4167; baseline 0.008 -10"><span class='ocrx_word' id='word_1_273' title='bbox 531 4122 556 4161; x_wconf 74' lang='grc' dir='ltr'><strong>ο</strong></span> <span class='ocrx_word' id='word_1_274' title='bbox 633 4111 835 4158; x_wconf 72' lang='lat' dir='ltr'>inermes</span> <span class='ocrx_word' id='word_1_275' title='bbox 850 4125 853 4130; x_wconf 90' lang='lat'>·</span> <span class='ocrx_word' id='word_1_276' title='bbox 871 4111 1034 4160; x_wconf 87' lang='lat' dir='ltr'>Grnu.</span> <span class='ocrx_word' id='word_1_277' title='bbox 1052 4113 1146 4160; x_wconf 87' lang='lat' dir='ltr'>Cre</span> <span class='ocrx_word' id='word_1_278' title='bbox 1155 4127 1200 4160; x_wconf 75' lang='lat' dir='ltr'>v.</span> <span class='ocrx_word' id='word_1_279' title='bbox 1449 4114 1598 4167; x_wconf 67' lang='grc' dir='ltr'><strong>(ἔην.</strong></span> <span class='ocrx_word' id='word_1_280' title='bbox 1807 4130 1812 4135; x_wconf 88' lang='grc'><em>·</em></span> <span class='ocrx_word' id='word_1_281' title='bbox 2256 4128 2267 4139; x_wconf 80' lang='grc'><em>·</em></span> 
     </span>
    </p>
   </div>
   <div class='ocr_carea' id='block_1_4' title="bbox 527 4173 1246 4246">
    <p class='ocr_par' dir='ltr' id='par_1_4' title="bbox 527 4173 1246 4246">
     <span class='ocr_line' id='line_1_38' title="bbox 527 4173 1246 4246; baseline 0 -17"><span class='ocrx_word' id='word_1_282' title='bbox 527 4177 755 4246; x_wconf 46' lang='lat' dir='ltr'>t)·*dixit</span> <span class='ocrx_word' id='word_1_283' title='bbox 783 4173 885 4231; x_wconf 83' lang='lat' dir='ltr'>del.</span> <span class='ocrx_word' id='word_1_284' title='bbox 921 4176 1078 4229; x_wconf 81' lang='lat' dir='ltr'>Gron.</span> <span class='ocrx_word' id='word_1_285' title='bbox 1108 4181 1246 4231; x_wconf 62' lang='lat' dir='ltr'>Creu.</span> 
     </span>
    </p>
   </div>
  </div>
 </body>
</html>
