2732 4671
426 190 528 283 aa
921 214 933 223 ·
1213 164 1746 248 tr.1.1v11

403 364 621 440 libus.
681 388 757 438 ea
789 361 1370 464 tacita'castigatio
1414 369 1709 455 maxime
1751 373 1844 437 εκ
1889 359 2201 465 dignitate
2260 363 2503 465 populi

378 481 381 484 ’
424 473 724 544 Romani
755 466 888 557 yila
916 468 1027 542 est.
1129 473 1360 541 Cetera
1392 466 1906 569 expedientibus,
1952 493 2115 570 quae
2138 465 2221 542 ad
2247 468 2503 541 bellum

397 599 601 673 ,opus
646 592 864 658 erant„
907 567 1319 658 consulibus,
1371 598 1608 646 aurum
1652 570 2171 658 vicefimarium‚
2219 568 2400 673 quod
2429 579 2507 644 in
2596 624 2601 631 ·

399 674 754 755 -sand'tiore
781 683 1029 751 aerario
1057 662 1141 749 ad
1172 676 1443 749 ultimos
1478 673 1654 751 casus
1679 674 2081 764 servabatur,
2128 682 2355 777 promi
2369 674 2508 776 pla·

400 784 585 856 scuit.
684 785 954 854 Promta
977 778 1061 853 ad
1090 800 1368 881 quatuor
1393 782 1603 855 millia
1628 777 1861 881 pondo
1903 788 2063 854 auri.
2120 776 2280 854 inde
2319 786 2506 880 quin·

322 880 336 907 ‘
428 911 601 986 gena
629 882 861 985 pondo
893 881 1037 957 data
1062 882 1478 970 consulibus,
1527 906 1589 959 et
1628 889 1730 963 M.
1755 884 2126 971 Marcelle,
2168 904 2233 957 et
2270 886 2335 955 P.
2363 882 2505 956 Sul·

425 994 613 1089 picio
645 984 1171 1088 proconsulibus,
1222 1011 1286 1062 et
1316 993 1388 1061 L.
1418 995 1702 1064 Veturio
1733 996 2043 1090 praetor-i,
2084 995 2198 1090 qui
2214 986 2505 1061 Galliam

427 1098 853 1192 provinciam
877 1087 1134 1165 sortitus
1158 1112 1326 1179 erat3
1376 1089 1809 1196 additumque
1837 1096 2039 1167 Fabio
2068 1089 2322 1174 confidi
2357 1120 2505 1163 cen-

427 1216 574 1270 tum
602 1194 835 1294 pondo
859 1200 1000 1266 auri
1025 1202 1241 1294 praeci
1290 1222 1473 1280 uum,
1518 1195 1698 1298 quod
1724 1205 1799 1269 in
1827 1224 2049 1270 arcem
2062 1198 2507 1271 Tarentinam

311 1348 318 1353 ,
411 1316 810 1400 portaretur.
859 1318 1075 1371 cetero
1106 1297 1199 1371 nst
1225 1222 1378 1381 funt
1406 1297 1493 1372 ad
1533 1298 1916 1373 vestimenta
1953 1295 2270 1398 praesenti
2312 1310 2507 1397 pecu·

302 1451 316 1467 .
426 1408 541 1476 nia
580 1398 863 1476 locanda
903 1409 1249 1488 exercitui,
1302 1409 1422 1504 qui
1461 1410 1539 1478 in
1580 1400 1901 1503 Hispania
1943 1403 2198 1478 bellum
2223 1400 2503 1476 secunda

409 1501 539 1579 ‘sua
572 1499 752 1578 fama
779 1501 1088 1606 ducisque
1132 1508 1411 1608 gerebat.
1486 1596 1487 1599 Ἴ

415 1646 420 1655 ·
483 1654 490 1661 ·
572 1613 682 1682 XI.
734 1606 1041 1709 Prodigia
1083 1636 1381 1712 quoque,
1433 1606 1821 1711 priusquam.
1858 1610 1957 1687 ab,
1981 1605 2142 1682 urbe
2199 1602 2502 1680 consules

325 1744 363 1787 ἢ
425 1709 1032 1814 proficiscerentur,
1080 1721 1418 1815 procurari
1439 1714 1701 1814 placuit.
1768 1808 1769 1811 Ἴ
1838 1716 1918 1785 In
1958 1712 2218 1785 Albano
2263 1730 2504 1789 monte

411 1816 593 1889 radia
622 1811 707 1901 de
728 1815 923 1891 coelo
955 1832 1136 1890 erant
1162 1815 1426 1919 signum
1448 1822 1665 1908 Iovis,
1711 1816 2032 1917 arborque
2071 1813 2323 1913 templo
2350 1838 2504 1913 pro·
2539 1834 2546 1847 ·

411 1927 710 2019 pinqua,
753 1942 820 1992 et
848 1914 1071 2001 Ostiae
1096 1922 1306 2007 lacus,
1354 1943 1419 1995 et
1447 1927 1712 2023 Capuae
1741 1946 2000 2006 murus,
2041 1922 2500 2017 Fortunaeque

311 2096 320 2109 ,
413 2017 651 2108 aedes,
717 2044 782 2095 et
824 2020 1152 2097 Sinuessae
1193 2052 1422 2099 murus
1464 2047 1800 2126 portaque.
1942 2028 2133 2096 Haec
2172 2018 2254 2093 de
2298 2019 2502 2094 coelo

395 2128 607 2203 meta.
713 2182 722 2193 ,
758 2131 1121 2201 Cruentam
1161 2136 1360 2203 etiarn
1399 2126 1651 2203 fluxiffe
1683 2154 1919 2227 aquam
1950 2127 2314 2212 Albanam,
2357 2132 2501 2225 qui-

409 2227 904 2313 dam-auctores
933 2248 1132 2306 erant.
1230 2238 1317 2306 Et
1343 2237 1609 2327 Romae
1641 2239 1815 2307 intus
1846 2231 2082 2305 cellam
2126 2227 2298 2304 aedis
2340 2233 2501 2301 For-

423 2341 505 2407 tis
548 2324 875 2408 Fommae
912 2331 997 2410 de
1028 2330 1580 2438 capitefignurn,
1616 2322 1801 2438 quod
1828 2342 1902 2409 in
1933 2362 2183 2420 corona
2215 2353 2380 2419 erat,
2422 2340 2499 2406 in.

388 2436 916 2539 ‘manus'sponte
940 2436 1049 2513 sua
1071 2438 1474 2539 prolapsum.
1627 2447 1712 2514 Et
1747 2445 2051 2514 Priverni
2076 2435 2220 2512 satis
2250 2436 2496 2512 consta-

387 2542 529 2616 ,bat
556 2543 804 2616 bovem
827 2543 1164 2627 locutum,
1204 2544 1693 2641 volturiumque
1721 2540 2047 2643 frequenti
2094 2540 2252 2615 foro
2300 2550 2374 2615 in
2414 2561 2501 2614 ta·

407 2644 697 2716 ‘bernam
720 2640 1077 2727 devolasse,
1116 2664 1178 2715 et
1207 2641 1536 2716 Sinuessae
1568 2653 1793 2714 natum
1824 2645 2137 2740 ambiguo
2165 2650 2338 2715 inter
2359 2672 2496 2717 ma-

415 2772 565 2819 rem
595 2775 671 2819 ac
698 2741 1028 2819 feminam
1053 2740 1210 2818 sexu
1252 2740 1608 2819 infantem:
1674 2769 1839 2844 quos
1885 2741 2315 2843 androgynos
2354 2746 2497 2818 vul·
2548 2759 2549 2762 ’

405 2874 536 2947 gus
580 2849 677 2936 (ut
717 2850 1027 2949 pleraque
1041 2902 1070 2942 ‚⁶
1125 2844 1428 2922 faciliore
1473 2845 1558 2921 ad
1586 2844 1977 2946 duplicanda
2005 2849 2197 2920 verba
2235 2851 2494 2920 Graeco

410 2946 763 3047 sermone)
818 2950 1136 3052 adpellat:
1192 2971 1258 3025 et
1304 2951 1473 3026 lacte
1521 2947 1790 3051 pluiffe‚
1833 2971 1898 3024 et
1943 2977 2098 3023 cum
2150 2950 2490 3050 elephanti

413 3061 623 3153 capite
664 3081 956 3154 puerum
985 3074 1229 3128 natum.
1370 3059 1474 3130 Ea
1512 3053 1812 3156 prodigia
1857 3053 2087 3130 hostiis
2131 3047 2493 3151 maioribus

497 3180 791 3246 ocurata.,
831 3179 894 3232 et
919 3156 1309 3261 supplicatio
1339 3167 1513 3234 circa
1541 3167 1772 3234 omnia
1812 3158 2214 3262 pulvinaria,
2268 3179 2334 3231 et
2374 3159 2490 3231 ob-

407 3184 688 3338 geranio
731 3270 807 3337 in
844 3290 1056 3362 unuin
1107 3260 1292 3336 diem
1315 3262 1597 3338 indicta:
1634 3287 1697 3339 et
1725 3262 2093 3349 decretum,
2132 3283 2205 3337 ut
2232 3267 2310 3340 C.
2339 3265 2490 3335 Ho-
2554 3277 2559 3280 “

411 3365 619 3440 stilius
650 3386 911 3488 praetor
930 3363 1136 3442 ludos
1154 3366 1497 3466 Apollini,
1533 3376 1608 3467 x)
1652 3367 1818 3443 ficut
1836 3374 1938 3443 his
1982 3373 2170 3440 annis
2210 3372 2351 3452 voti
2395 3361 2492 3437 fa-

405 3471 633 3570 ‹stique
661 3493 879 3558 erant,
923 3490 1187 3545 voveret
1213 3467 1603 3576 faceretque.
1744 3478 1866 3547 Per
1908 3497 2029 3570 eos
2066 3468 2204 3543 dies
2246 3493 2310 3540 et
2335 3496 2492 3542 cen-

403 3568 654 3646 soribus
687 3573 979 3649 creandis
1009 3580 1092 3667 Q.
1122 3575 1387 3649 Fulvius
1414 3573 1645 3652 consul
1674 3583 1941 3652 comitia
1962 3576 2207 3648 habuit.
2262 3577 2489 3648 Creati

403 3672 742 3762 censores,
793 3680 993 3751 ambo
1022 3685 1136 3780 qui
1162 3676 1469 3752 nondum
1500 3678 1799 3754 consules
1831 3676 2122 3762 fuerant.
2173 3682 2276 3750 M.
2318 3682 2489 3751 Cor·-

403 3779 617 3854 nelius
646 3784 1008 3882 Cethegus,
1052 3786 1120 3854 P.
1151 3787 1582 3883 Sempronius
1609 3782 1997 3868 Tuditanus.
2113 3786 2215 3854 Hi
2261 3779 2485 3854 censo-

395 3911 552 3974 τες,
582 3901 653 3957 ut
673 3911 909 3985 agrum
939 3889 1365 3987 Campanum
1394 3884 1751 3968 fruendum
1774 3889 2111 3971 locarent,
2138 3912 2236 3962 *ex
2254 3887 2484 3959 aucto-

645 4028 652 4033 ·
2288 4007 2478 4062 ritate

463 4116 535 4189 x)
569 4122 815 4188 Apollinis
834 4125 1001 4184 Gron-
1028 4125 1178 4182 Crev.
