2732 4671
352 238 604 318 *282
1048 197 1271 296 ἰτ.
1393 247 1757 294 1.1v11

437 414 612 492 fulto
649 410 731 486 de
762 414 1319 510 conjurationibus
1362 418 1745 513 principum
1787 412 2170 508 habentem)
2217 408 2489 485 didator

382 589 391 602 ,
437 523 517 595 ab
549 546 633 593 eo
670 515 881 626 didius
910 523 975 590 P.
1006 518 1368 617 Sulpicius,
1412 523 1742 589 incertum
1773 536 1846 589 ut
1870 513 1984 602 fit,
2024 512 2245 589 diversi
2275 518 2491 590 austo-

394 675 401 682 -
441 653 543 697 res
575 619 847 695 faciunt.
2140 711 2144 718 ι

580 730 846 800 XXVII.
889 729 1224 823 Principio
1252 718 1645 823 insequentis
1675 729 1856 810 anni,
1901 727 2004 796 Μ.
2020 722 2323 796 Servilius
2347 718 2490 818 etk)

438 834 556 905 Ti.
589 827 936 928 Claudium·
973 823 1192 901 senatu
1223 835 1294 900 in
1322 827 1732 926 Capitolium
1776 848 2053 913 vocam,
2104 824 2190 899 de
2233 832 2494 926 provin·

435 942 550 1009 ciis
573 934 946 1007 retulerunt.
1049 932 1300 1005 Italiam
1328 953 1517 1033 atque
1543 926 1837 1004 Africam
1863 937 1935 1004 in
1963 927 2212 1004 sortem
2236 934 2528 1030 conjici„

435 1034 738 1112 Africam
789 1039 991 1109 ambo
1035 1044 1403 1135 cupientes.,
1460 1035 1778 1108 volebant.
1840 1057 2169 1123 ceterum,
2248 1038 2493 1135 (ζΜεὁ

434 1144 930 1224 tello„maxime
971 1137 1335 1225 adnitente,
1398 1166 1618 1239 neque
1659 1137 1834 1225 data,
1875 1167 2086 1242 neque
2133 1133 2367 1240 negata
2406 1134 2493 1208 est

433 1243 680 1320 Africa.
784 1239 1100 1317 Consules
1129 1242 1268 1341 juffi
1301 1269 1455 1316 eum
1486 1245 1762 1347 tribunis
1790 1244 1998 1345 plebis
2031 1243 2262 1344 agere,
2307 1260 2394 1332 ut,
2442 1236 2488 1311 fi

430 1357 512 1423 iis
542 1347 896 1433 videretur.
946 1349 1273 1446 populum
1301 1368 1639 1447 rogarent,
1679 1376 1877 1448 quem
1913 1347 2108 1422 vellet
2147 1355 2225 1421 in
2270 1342 2495 1445 Africa

428 1453 681 1526 bellum
723 1478 965 1550 gerere.
1084 1456 1340 1525 Omnes
1386 1454 1582 1523 tribus
1629 1457 1694 1524 P.
1741 1443 2127 1551 Scipionem
2171 1445 2492 1547 juffemnt.

427 1557 891 1629 Nihilominus
923 1551 1215 1628 consules
1292 1560 1660 1627 rovinciam
1691 1545 1995 1630 Africani
2038 1556 2164 1644 (ita
2192 1560 2377 1626 enim
2408 1545 2494 1624 se-

336 1657 337 1666 ’
429 1681 612 1733 natus
656 1655 1060 1753 decreverat)
1100 1665 1175 1732 in
1216 1581 1458 1730 [ἕτεραι
1506 1665 1943 1752 conjecerunt.
2059 1661 2175 1732 Ti.
2206 1654 2492 1730 Claudio

324 1755 345 1778 ‘
429 1760 654 1839 Africa
685 1771 938 1846 evenit,
980 1783 1051 1835 ut
1092 1766 1559 1864 quinquaginta
1597 1767 1872 1834 navium
1911 1757 2209 1860 obstem,
2249 1785 2493 1838 omnes

428 1875 962 1969 quinqueremes,
1017 1873 1091 1948 in
1137 1860 1433 1938 Africam
1476 1871 1821 1960 trajiceret,
1883 1869 2154 1963 parique
2196 1869 2497 1961 imperio

426 2000 584 2044 eum
625 1966 940 2068 Scipione
984 1976 1342 2069 imperator
1388 1963 1557 2041 esset.
1662 1972 1765 2041 M.
1802 1967 2114 2047 Servilius
2158 1967 2494 2038 Etruriam

423 2071 719 2152 sortitus„
744 2071 1090 2166 ineadem
1132 2079 1476 2170 provincia
1518 2092 1580 2145 et
1614 2077 1692 2146 C.
1723 2073 2007 2150 Servilio
2052 2088 2494 2171 prorogatum

424 2183 816 2278 imperium,
893 2175 943 2248 s1
993 2172 1335 2250 consulem
1380 2203 1646 2250 manere
1680 2173 1763 2250 ad
1806 2179 2034 2249 urbem
2078 2171 2320 2247 senatui
2360 2172 2497 2274 pla·

426 2278 663 2358 euisset.
764 2287 1126 2366 Praetores,
1169 2285 1271 2355 M.
1317 2286 1568 2403 Sextius
1613 2281 1898 2355 Galliam
1943 2277 2034 2354 est
2077 2275 2374 2367 sortitum
2420 2294 2493 2349 ut

425 2385 579 2461 duas
623 2387 926 2487 legiones
968 2393 1516 2487 provinciamque
1572 2383 1849 2461 traderet
1888 2391 1949 2458 ei
1997 2390 2064 2461 P.
2095 2382 2490 2487 Qindlilius

423 2498 667 2580 varus3
702 2496 791 2565 C.
809 2496 1028 2566 Livius
1044 2496 1324 2566 Bruttios
1352 2518 1509 2566 eum
1538 2487 1784 2564 duabus
1810 2490 2209 2591 legionibus,
2256 2488 2490 2592 quibus

376 2646 387 2651 -
421 2601 491 2668 P.
533 2601 966 2693 Sempronius
1005 2590 1362 2692 proconsul
1402 2601 1623 2689 priore
1666 2619 1844 2669 anno
1893 2589 2289 2693 praefinerat3
2366 2594 2491 2661 Cn.

423 2699 834 2787 Tremellius
868 2698 1200 2781 Siciliam,
1252 2718 1322 2765 ut
1352 2698 1439 2765 -ab
1479 2700 1544 2769 Ρ.
1574 2695 1787 2766 Villio
1833 2692 2150 2793 Tappulo
2192 2713 2492 2793 praetore

408 2809 660 2901 prioris
684 2808 838 2873 anni
868 2804 1288 2898 provinciam
1315 2815 1378 2868 et
1406 2794 1562 2869 duas
1600 2795 1900 2895 legiones
1941 2804 2300 2895 acciperet3
2351 2795 2494 2868 Vil-

419 2908 548 2979 lius
591 2921 975 3003 propraetor
1016 2907 1250 2998 viginti
1289 2900 1560 2985 navibus
1599 2897 1859 2999 longis,
1919 2899 2237 2973 militibus
2278 2900 2495 2986 mille,

424 3034 616 3079 oram
658 3004 918 3079 Siciliae
958 3022 1294 3081 tutaretur:
1350 2998 1508 3091 inde
1536 3005 1638 3074 M.
1672 3007 2348 3102 Pomponiusviginti
2379 3032 2498 3077 na-

308 3194 315 3218 .
421 3112 606 3184 vibus
633 3107 896 3208 reliquis
923 3104 1113 3177 mille
1140 3125 1203 3181 et
1230 3112 1622 3207 quingentos
1648 3107 1893 3180 milites
1921 3110 2216 3180 Romam
2255 3104 2497 3205 depor-

419 3233 597 3286 taret.
702 3215 780 3283 C.
815 3211 1067 3287 Aureli.
1108 3215 1348 3313 'Cottae
1390 3213 1634 3284 urbana
1684 3217 1921 3285 evenit.
1965 3216 2226 3297 ceteris,
2269 3216 2360 3284 ita
2398 3216 2497 3284 uti

423 3314 693 3419 quisque
738 3235 1122 3401 obtine*
1162 3322 1539 3414 provincias
1587 3311 2086 3417 exercitufque.
2136 3336 2492 3416 prorogata

422 3424 715 3541 imperia.
818 3415 1165 3492 Sexdecim
1198 3446 1339 3521 non
1369 3420 1651 3518 amplius
1680 3447 1764 3493 eo
1796 3445 1973 3492 anno
1999 3419 2370 3519 legionibus
2389 3417 2493 3491 de·

421 3523 685 3600 fensum
719 3529 1081 3623 imperimn
1119 3522 1225 3595 est.
1328 3530 1413 3598 Et
1449 3546 1522 3597 ut
1561 3526 1825 3625 placatis
1863 3528 2011 3599 Diis
2060 3530 2292 3598 omnia
2331 3530 2489 3596 inci-

420 3650 653 3730 perent
678 3650 1100 3728 agerentque,
1144 3623 1374 3715 ludos,
1418 3652 1618 3728 quos,
1681 3633 1784 3702 M.
1813 3624 2103 3704 Claudio
2137 3627 2489 3721 Marcello,

420 3737 513 3807 T.
560 3734 877 3833 *Qindtio
917 3728 1319 3818 consulibus,
1370 3736 1462 3804 T.
1504 3733 1795 3806 Manlius
1839 3728 2152 3820 distator,
2204 3726 2486 3832 quasque

424 3837 663 3915 hostias
691 3845 968 3935 majores
1004 3834 1299 3920 voverat,
1343 3833 1393 3929 fi
1441 3864 1559 3936 per
1600 3845 1757 3938 quin
1805 3842 2123 3909 nennium
2169 3833 2336 3913 illud
2373 3828 2491 3905 res·

421 3943 682 4045 publica
709 3937 948 4019 eodem
975 3938 1135 4020 statu
1160 3934 1409 4026 fuiss'en
1457 3963 1527 4016 ut
1558 3967 1672 4016 eos
1701 3864 1895 4019 labos
1922 3937 2242 4031 consules,
2285 3932 2488 4036 prius-

1877 4110 1884 4115 .
2111 4094 2118 4101 -
2283 4068 2486 4144 quam

530 4176 607 4247 k)
641 4190 690 4231 et
712 4172 813 4233 d‘el.
860 4148 1017 4234 Groui
1049 4180 1186 4232 (ἶνιν.
1350 4120 1386 4158 ἰ
