2732 4671
432 274 597 347 284
776 249 781 258 ⁸
1192 245 1784 334 τριινιί

429 478 638 553 quum
671 445 1045 522 debellandi
1071 447 1279 522 finem
1309 473 1586 550 gerere„
1619 469 1954 523 erexerant
1994 457 2293 524 omnium
2338 456 2474 523 ani·

427 581 578 627 mos
608 543 836 664 Scipio
882 573 944 624 et
984 552 1354 639 Hannibal,
1394 555 1570 627 velut
1611 551 1694 626 ad
1732 551 2107 654 supremum
2144 577 2470 627 certamen

426 662 789 757 comparati
818 653 1031 729 duces.
1133 663 1190 730 Ii
1223 663 1524 760 quoque,
1565 660 1796 758 quibus
1822 665 2055 757 ingens
2083 679 2212 729 erat
2239 664 2310 729 in
2337 662 2471 729 Sci-

300 795 319 810 ·
416 768 638 862 Pione
675 758 918 832 fiducia
959 747 1022 833 et
1064 763 1380 834 vicstoriae
1417 758 1598 860 speS,
1668 787 1801 863 quo
1823 773 2051 861 magis
2098 769 2170 833 in
2213 767 2478 860 propin-

425 893 623 968 quam
657 891 803 938 eam
833 867 1244 937 inminebant
1274 871 1534 950 animiS,
1567 890 1649 937 eo
1680 891 1867 936 curae
1893 871 2265 944 intentioris
2284 882 2483 939 erant.¹

364 971 387 998 ‘
423 964 630 1042 Hand
670 964 886 1068 dispar
924 970 1178 1042 habitus
1234 975 1612 1048 animorum
1654 966 2289 1069 Karthaginiensibus
2331 983 2477 1042 erat.

424 1100 591 1178 quos
618 1067 828 1143 modo
856 1066 1076 1170 petisse
1120 1100 1387 1172 pacem,
1431 1080 1753 1145 intuentes
1781 1072 2235 1145 Hannibalem
2277 1099 2351 1144 ac
2386 1097 2492 1168 re-¹

394 1165 574 1252 ‘rum
619 1174 944 1276 gestarum
987 1183 1116 1271 ejus
1157 1176 1726 1275 magnitudinem,
1776 1179 2184 1275 poenitebat:
2246 1171 2477 1260 mod0,

422 1307 628 1384 quum
671 1267 1095 1378 respicerent,
1164 1281 1264 1351 bis
1303 1276 1435 1353 sese
1476 1285 1615 1353 acie
1659 1283 1904 1366 victos,
1970 1284 2345 1380 Syphacem
2385 1306 2481 1351 ca-

418 1403 644 1483 ptum,
688 1377 909 1480 pulsos
939 1379 1003 1454 se
1035 1379 1384 1482 Hispania,
1431 1380 1651 1482 pulsos
1682 1384 1884 1468 Italia,
1928 1403 2116 1485 atque
2143 1387 2474 1454 ea'omnia

417 1493 613 1558 unius
662 1493 895 1558 virtute
935 1505 999 1556 et
1037 1484 1316 1559 consilio
1361 1491 1692 1586 Scipionis
1731 1484 1937 1571 facia,
1995 1486 2174 1560 velut
2209 1482 2477 1561 fatalem

417 1616 572 1670 eum
602 1587 843 1666 ducem
869 1596 943 1660 in
970 1596 1245 1661 exitium
1273 1586 1462 1663 suum
1494 1609 1719 1661 natum
1746 1583 2120 1668 horrebant.

564 1695 792 1768 XXIX.
842 1695 988 1782 jam
1038 1691 1477 1766 Adrumetum
1535 1713 1794 1765 venerat
1831 1691 2207 1765 Hannibal:
2275 1690 2478 1778 unde,

411 1793 498 1870 ad
536 1793 968 1899 reficiendum
1011 1824 1090 1869 ex
1129 1800 1475 1891 jadiatione
1529 1802 1860 1868 maritima
1915 1795 2198 1870 militem
2247 1802 2480 1894 paucis

417 1898 642 1974 diebus
670 1897 930 1985 sumtiS,
983 1907 1226 1973 excitus
1255 1896 1508 1999 pavidis
1537 1905 1823 1984 nunciiS,
1875 1904 2103 1975 omnia
2130 1905 2302 1970 circa
2316 1903 2480 1970 Kar-

411 2010 754 2103 thaginem
796 2006 1077 2076 obtineri
1120 2012 1355 2090 armis,
1410 1998 1886 2088 adferentium,
1935 2008 2190 2102 magnis
2230 2006 2479 2073 itineri-

407 2109 526 2180 bus
567 2113 844 2179 Zamam
887 2105 1243 2180 contendit.
1348 2112 1556 2180 Zama
1601 2114 1889 2208 quinque
1931 2104 2191 2178 dierum
2229 2111 2352 2176 iter
2391 2105 2476 2176 ab

408 2215 807 2311 Karthagine
845 2203 1035 2283 abest.
1084 2209 1245 2283 inde
1280 2208 1609 2311 praemiffi
1651 2208 2079 2312 speculatores
2121 2236 2329 2310 quum
2369 2215 2477 2280 ex-

400 2321 581 2417 {cepti
609 2346 647 2389 a
675 2312 1047 2389 custodibus
1075 2318 1402 2388 Romanis
1430 2312 1695 2389 deduffl
1726 2313 1806 2389 ad
1836 2319 2224 2415 Scipionem
2251 2308 2477 2399 essent,

370 2412 371 2415 ¹
409 2416 679 2494 traditos
707 2448 820 2496 eos
847 2416 1119 2493 tribunis
1148 2421 1480 2506 militum,
1531 2417 1860 2523 iussosque
1883 2415 2122 2491 omisso
2163 2439 2344 2490 metu
2382 2423 2479 2489 vi·

408 2521 545 2597 sere
577 2532 1003 2623 omnia,-per
1037 2522 1268 2608 castra,
1320 2552 1446 2624 qua
1496 2525 1772 2609 vellent,
1826 2518 2230 2598 circumduci
2273 2518 2479 2617 jusfita

366 2623 1021 2734 *percunffiiatusquffi
1093 2625 1275 2700 satin'
1322 2654 1445 2726 per
1495 2623 1939 2702 commodum
1980 2631 2210 2698 omnia
2249 2625 2479 2723 explo⁴

407 2728 674 2813 mssent,
714 2727 910 2814 datis,
958 2737 1070 2830 qui
1095 2725 1671 2830 prosequerentur,
1707 2747 1880 2801 retro
1913 2723 1999 2799 ad
2022 2729 2478 2804 Hannibalem

410 2831 677 2907 dimisit.
778 2835 1120 2906 Hannibal
1148 2832 1321 2905 nihil
1364 2828 1634 2930 quidem
1681 2856 1952 2913 eorum,
1998 2856 2163 2928 quae
2202 2839 2478 2905 nuncia-

404 2939 677 3021 bantur,
715 2936 911 3023 (nam
948 2952 1031 3020 et,
1066 2928 1472 3009 Masinissam
1501 2961 1654 3005 cum
1688 2930 1794 3006 sex
1821 2931 2114 3019 millibus
2142 2929 2474 3030 peditum,

407 3058 685 3139 quatuor
730 3043 1029 3138 equitum
1070 3033 1314 3111 veniss'e
1354 3063 1438 3108 eo
1478 3032 1619 3136 ipso
1659 3032 1832 3110 forte
1869 3031 2011 3118 die,
2049 3014 2474 3136 adferdsant)

404 3142 578 3216 laeto
608 3146 837 3213 animo
865 3138 1178 3238 audiit²),
1204 3222 1207 3231 ,
1231 3147 1524 3213 maxime
1554 3138 1761 3214 hostis
1795 3134 2074 3224 fiducia,
2117 3167 2282 3241 quae
2322 3168 2471 3216 non

405 3242 491 3319 de
544 3245 766 3321 nihilo
822 3240 1127 3345 profesto
1185 3262 1501 3344 concepta
1551 3243 1678 3331 est,
1742 3238 2091 3345 perculsus.
2172 3294 2175 3301 -
2215 3249 2468 3346 Itaque,

366 3430 373 3437 ,
406 3377 804 3452 quamquam
840 3346 1066 3450 etipse
1096 3345 1303 3447 causta
1331 3346 1495 3422 belli
1537 3369 1702 3435 erat,
1748 3375 1813 3421 et
1854 3344 2134 3421 adventu
2172 3344 2289 3420 suo
2335 3369 2467 3422 tur-

403 3458 663 3529 baverat
689 3474 750 3526 et
777 3456 990 3553 pad'ias
1020 3450 1347 3540 inducias,
1393 3472 1456 3525 et
1483 3449 1665 3553 spem
1695 3447 2080 3540 foedemm3
2118 3448 2361 3557 tamen,
2408 3451 2465 3533 fi

404 3567 695 3657 integer,
747 3586 943 3659 quam
974 3556 1025 3630 ss
1053 3561 1294 3643 vietus,
1341 3577 1586 3657 peteret
1605 3585 1875 3656 pacem,
1919 3562 2226 3657 aequiora
2253 3563 2465 3657 impe·-

401 3670 565 3734 trari
580 3657 764 3762 pdffe
795 3685 999 3746 ratu3‚
1046 3669 1365 3745 nuncium
1395 3658 1475 3734 ad
1503 3666 1891 3761 Scipionem
1938 3657 2150 3750 mifit,
2192 3680 2266 3732 ut
2305 3688 2461 3735 con-⁴

401 3762 717 3866 loquendi
746 3760 969 3838 secum
999 3766 1378 3865 potestatem
1405 3760 1661 3838 faceret.
1764 3763 1842 3838 Id
1866 3785 2091 3837 utrum
2128 3760 2237 3836 sua
2266 3761 2459 3864 spon-

400 3891 464 3942 te
492 3866 755 3954 fecerit,
804 3897 889 3942 an
926 3869 1196 3968 publico
1226 3865 1541 3954 consiliO,
1580 3890 1889 3941 neutrum
1934 3894 2052 3940 cur
2081 3865 2457 3955 adfirmem,

392 3976 632 4055 habeo.
733 3973 1030 4056 Valerius
1061 3979 1285 4053 Antias
1300 4028 1322 4062 ,
1363 3980 1589 4083 primo
1616 3971 1878 4083 proelio
1921 3973 2177 4051 vidum
2219 3999 2387 4044 eum2
2416 4001 2456 4045 a

452 4100 481 4125 Χ
2239 4136 2244 4139 .
2309 4080 2453 4157 Scio

496 4208 560 4278 1)
597 4210 792 4267 audivit·
816 4212 983 4265 Greu.
1012 4213 1163 4266 Crev-

2619 3814 2642 3845 ἱ
