2732 4671
743 264 1300 388 t,1n.x·xv111
1423 267 1639 381 cat».
1715 271 1742 319 1
1842 347 1848 353 η
1926 296 1931 305 .
2141 271 2287 343 137

1628 544 1631 549 .
2125 416 2314 531 ᾤ’·

418 632 549 737 Τ.
631 628 1086 736 LIVII
1165 631 2078 740 PATAVINI
2198 780 2203 787 Ι

751 836 1245 918 LIBER
1379 840 1761 918 XXVIII

221 431 342 505 st}-

424 1080 584 1133 num
618 1049 884 1126 tranfltu
909 1047 1365 1140 Hasdrubalis,
1404 1074 1721 1156 quantum
1760 1056 1837 1130 in
1881 1056 2139 1131 Italiam
2183 1053 2292 1131 de-

223 1210 236 1217 ·
458 1159 812 1231 clinaverat
850 1156 1046 1242 belli,
1111 1166 1361 1231 tantum
1418 1160 1665 1234 levatae
1712 1158 2068 1263 Hispaniae
2114 1158 2297 1234 vide·

212 1283 489 1350 rentur3
526 1281 829 1334 renatum
855 1261 957 1334 ibi
993 1256 1206 1336 subito
1242 1289 1361 1361 par
1404 1270 1619 1361 priori
1656 1264 1906 1339 bellum
1949 1264 2058 1336 est.
2162 1269 2292 1337 Hi·

212 1365 477 1468 spanias
538 1391 614 1437 ea
665 1363 1039 1463 tempestate
1087 1361 1179 1438 fic
1229 1368 1554 1440 habebant
1602 1373 1900 1442 Romani
1935 1374 2290 1470 Poenique.

215 1467 638 1553 Hasdrubal,
671 1464 982 1569 Gisgonis
1025 1467 1235 1552 filius,
1286 1467 1380 1542 ad.
1412 1496 1735 1563 oceanum
1774 1480 2041 1574 penitus
2060 1467 2295 1548 Gadef·
2368 1552 2371 1555 ,

265 1603 347 1648 ue
374 1568 796 1648 concesserat.
896 1571 1123 1645 Nostri
1151 1580 1351 1646 maris
1379 1581 1495 1648 oia
1539 1573 1888 1678 omnisque
1925 1572 2139 1650 ferme
2168 1581 2294 1653 Hi·

221 1604 437 1777 Ppania
455 1731 480 1763 ,
529 1704 664 1778 qua
703 1683 778 1751 in
817 1682 1142 1750 orientem
1187 1685 1433 1777 vergit,
1471 1683 1792 1778 Scipionis
1833 1709 1909 1754 ac
1950 1684 2296 1755 Romanae

226 1781 493 1862 ditionis
527 1800 683 1854 erat.
783 1782 1017 1854 Novus
1045 1786 1409 1880 imperator
1442 1787 1732 1869 Hann0,
1778 1790 1854 1856 in
1895 1783 2120 1858 locum
2149 1788 2297 1856 Bar-

230 1893 359 1959 cini
385 1881 820 1959 Hasdrubalis
849 1910 1032 1957 novo
1063 1913 1221 1958 cum
1250 1893 1535 1959 exercitu
1574 1914 1657 1960 ex
1686 1885 1916 1962 Africa
1957 1881 2299 1987 transgres-

226 1987 366 2074 suS,
406 1993 831 2089 Magonique
857 1989 1147 2083 junctus,
1188 2015 1395 2091 quum
1420 1998 1494 2063 in
1523 1991 1909 2077 Celtiberia,
1949 2019 2110 2092 quae
2155 2016 2298 2064 me-

230 2094 341 2167 dia
367 2100 541 2165 inter
578 2089 716 2164 duo
758 2099 962 2165 maria
1004 2091 1133 2178 est,
1181 2093 1360 2168 brevi
1407 2121 1731 2195 magnum
1774 2102 2138 2171 hominum
2181 2123 2298 2167 nu·
2440 2112 2445 2118 ’

231 2225 500 2272 merum
531 2191 857 2284 armasset}
898 2200 1120 2296 Scipio
1147 2194 1448 2273 adversus
1481 2224 1638 2272 eum
1659 2204 1766 2274 M.
1791 2196 2088 2275 Silanum
2139 2226 2299 2277 cum

230 2299 471 2375 decem
499 2298 676 2374 haud
715 2299 864 2400 plus
903 2300 1198 2375 millibus
1239 2300 1577 2386 militum,
1623 2304 1945 2403 equitibus
1983 2309 2305 2401 quingen-

235 2412 361 2490 tis,
409 2401 605 2480 mifit.
696 2404 988 2491 Silanus,
1046 2411 1299 2505 quantis
1338 2410 1650 2477 maximis
1690 2413 1906 2504 potuit
1947 2406 2307 2491 itineribuS,

205 2504 705 2606 ·(inpediebant
743 2528 963 2583 autem
1005 2501 1463 2618 etsasperitates
1509 2514 1801 2593 viarum,
1872 2529 1936 2583 et
1976 2506 2307 2607 angustiae

237 2611 504 2687 saltibus
547 2614 813 2697 crebris,
871 2632 943 2684 ut
982 2611 1295 2713 pleraque
1337 2606 1696 2712 Hispaniae
1733 2606 1914 2698 sunt,
1979 2607 2304 2706 inclusae)

238 2739 466 2791 tamen
502 2741 645 2790 non
670 2712 891 2794 solum
939 2722 1260 2802 nuncios,
1302 2711 1413 2789 sed
1457 2722 1651 2790 etiam
1693 2712 1948 2790 famam
1989 2714 2308 2794 adventus

237 2818 332 2894 sui
371 2815 807 2922 praegressus,
859 2815 1133 2896 ducibus
1170 2816 1473 2894 indidem
1519 2846 1600 2891 ex
1641 2820 1993 2896 Celtiberia
2034 2812 2311 2892 transfu-

240 2933 368 3026 gis,
406 2922 494 2998 ad
537 2923 803 3001 hostem
845 2930 1160 3025 pervenit.
1249 2915 1548 2998 *Eisdem
1586 2926 1956 2999 austoribus
2003 2951 2158 3000 com
2212 2949 2311 2997 er-

239 3052 379 3104 tum
412 3028 542 3112 est,
587 3055 798 3127 quum
829 3024 1060 3102 decem
1096 3033 1353 3102 circiter
1393 3026 1608 3101 millia
1648 3029 1728 3102 ab
1773 3028 1962 3106 hoste
2005 3029 2122 3101 abe
2175 3046 2311 3114 ent,

239 3134 393 3207 bina
433 3130 640 3205 castra
681 3137 853 3206 circa
894 3139 1107 3218 viam,
1207 3159 1291 3203 ua
1331 3137 1541 3216 irent,
1582 3128 1741 3206 effe:
1813 3133 1998 3206 laeva
2028 3132 2312 3205 Celtibe·

243 3253 390 3322 ros,
423 3261 692 3316 novum
720 3241 1119 3320 exercitum,
1199 3261 1357 3335 upra
1383 3262 1637 3309 novem
1672 3233 1898 3308 millia·
1926 3241 2313 3322 hominum,

245 3338 467 3414 dextra
513 3343 761 3412 Punica
810 3358 1029 3412 tenere
1067 3335 1282 3412 castra.
1354 3342 1519 3417 haec
1560 3337 1975 3422 stadonihm,
2038 3338 2313 3436 vigiliis,

249 3452 439 3518 omni
471 3442 632 3539 justa
661 3442 932 3516 militari
971 3439 1265 3530 custodia
1293 3461 1428 3515 tuta
1460 3462 1524 3516 et
1552 3441 1748 3515 firma
1776 3436 1936 3514 effe:
1974 3435 2316 3515 illa-altera

253 3543 456 3620 soluta
484 3547 943 3648 neglectaque,
984 3566 1054 3618 ut
1081 3547 1507 3620 barbarorum
1538 3564 1601 3618 et
1626 3552 1959 3629 tironum,
1998 3564 2062 3616 et
2090 3550 2315 3617 minus

261 3656 671 3743 timentium,
717 3648 899 3751 quod
937 3656 1014 3724 in
1052 3645 1164 3727 sun
1202 3670 1365 3726 terra
1405 3645 1623 3725 esseut.
1738 3655 1838 3723 Ea
1874 3654 2052 3749 prius
2092 3646 2314 3748 adgre-

263 3749 505 3825 dienda
527 3774 692 3833 ratus
717 3754 971 3827 Silanus
1045 3751 1227 3854 signa
1259 3780 1458 3855 quam
1487 3760 1778 3830 maxime
1823 3752 1907 3827 ad
1931 3754 2186 3827 laevam
2226 3758 2317 3844 ju·

256 3856 450 3931 bebat
484 3851 676 3942 ferri,
741 3807 1041 3940 necunde
1079 3859 1162 3932 ab
1185 3857 1579 3954 *stationibus
1618 3863 1878 3932 Punicis
1921 3851 2322 3952 conspicere·

255 3978 376 4034 tur.
434 3955 604 4061 ipse,
665 3959 1027 4061 praemiffis
1070 3958 1619 4066 speculatoribus,
1682 3969 1880 4037 citato
1924 3964 2190 4061 agmine
2232 3949 2319 4057 ad

252 4064 512 4146 hostem
538 4070 778 4169 pergit.
979 4075 988 4080 ’

1287 4171 1324 4246 1
1360 4194 1400 4263 ς
1982 4259 1985 4266 ,
2043 4169 2134 4244 Π.
2152 4163 2320 4247 Tria
