2732 4671
477 265 691 360 346]
1229 282 1304 336 Τ.
1429 285 1789 335 ιινιι

390 465 391 478 ’
445 460 684 526 'timor
720 471 992 537 omnes,
1032 458 1146 553 qui
1182 450 1664 524 circumcolunt
1704 450 1968 526 Boeben
2006 448 2333 550 paludem,
2378 453 2519 526 reli·

477 561 593 630 etis
619 558 905 641 urbibus,
956 577 1215 628 montes
1245 562 1464 655 coegit
1486 575 1726 654 petere.
1830 556 2075 641 Aetoli,
2112 563 2326 657 inopia
2340 583 2517 655 prae-

473 658 593 733 dae
640 657 793 733 inde
833 657 1068 746 aversi,
1115 666 1188 732 in
1226 661 1680 734 Perrhaebiam
1710 659 1763 754 ¹)
1792 664 1890 732 ire
1928 682 2219 759 pergunt.
2316 666 2517 752 Cyre-

470 771 589 838 tias
632 767 723 837 ibi
767 759 1177 862 vi·‘eapiunt,
1235 758 1562 864 foedeque
1607 755 1962 860 diripiunt:
2007 771 2121 864 qui
2165 762 2516 837 Malloeam

472 868 797 951 incolunt,
829 868 1158 941 voluntate
1184 874 1260 942 in
1288 864 1695 941 deditionem
1732 862 2237 969 societatemque
2262 872 2517 965 accepti.
2565 961 2571 966 ἢ

469 977 574 1074 Ex
630 971 1015 1048 Perrhaebia
1071 976 1428 1071 Gomphos
1480 968 1745 1070 petendi
1808 969 2250 1064 Amynander
2305 973 2517 1043 auctor

466 1098 635 1150 erat:
687 1095 749 1156 et
780 1082 1065 1148 inminet
1093 1080 1487 1149 Athamania
1513 1080 1671 1147 huic
1697 1075 1877 1160 urbi,
1918 1073 2382 1176 videbaturque
2419 1100 2513 1147 ex·

466 1185 743 1280 pugnari
788 1177 926 1252 fine
970 1205 1219 1280 magno
1260 1185 1620 1282 certamine
1664 1175 1864 1280 posse.
1984 1179 2211 1255 Aetoli
2256 1203 2510 1279 campos

467 1287 542 1356 T
543 1279 838 1356 heffaliae
869 1281 1248 1382 opimosad
1277 1281 1593 1384 praedam
1621 1288 1902 1382 petiere:
1938 1279 2264 1384 sequente,
2303 1310 2511 1384 quam·

242 1451 251 1458 ,
358 1453 361 1458 .
468 1405 665 1488 quam
706 1413 850 1458 non
889 1389 1245 1485 probante,
1296 1385 1777 1479 Amynandro,
1818 1388 1942 1458 nec
1984 1383 2213 1459 effusas
2257 1384 2509 1488 popula·
2575 1415 2584 1426 ·

2646 483 2648 524 A

2647 529 2648 552 ι

342 1509 355 1524 ·
464 1498 680 1563 tiones
722 1490 1152 1574 Aetolorum,
1228 1515 1353 1563 nec
1393 1491 1626 1578 castra,
1702 1516 1838 1590 quo
1881 1485 2019 1564 fors
2062 1488 2300 1564 tuliss'et
2341 1490 2508 1573 loce,
2613 1521 2648 1586 χ

457 1590 598 1666 fine
644 1590 788 1666 ullo
826 1589 1206 1665 discrimine
1249 1621 1327 1666 ac
1368 1621 1518 1667 cura
1565 1588 1951 1678 muniendi,
1987 1592 2216 1691 pofital
2288 1601 2514 1694 itaque,

459 1724 547 1771 ne
573 1703 897 1770 temeritas
926 1723 1163 1769 eorum
1195 1697 1734 1796 neglegentiaque
1759 1692 1876 1765 fibi
1907 1723 1982 1766 ac
2009 1694 2138 1770 suis
2178 1704 2375 1770 etiam
2396 1696 2515 1769 cla·

458 1798 562 1874 dis
584 1802 850 1894 alicujus
890 1796 1095 1873 caussa
1138 1796 1325 1885 esset,
1352 1797 1573 1901 ‘quum
1615 1798 2080 1896 campestribus
2124 1799 2294 1871 locis
2340 1797 2515 1895 subii·

436 1913 699 1980 *cientes
731 1930 844 1978 eos
872 1903 1069 1976 castra
1093 1902 1395 1976 Phecado
1423 1905 1568 1975 urbi
1595 1898 1881 1987 videret,
1925 1897 2063 2000 ipse
2104 1903 2337 2001 paullo
2378 1903 2513 2002 plus

458 2014 976 2108 quingentorum
1003 2003 1297 2107 passuum
1329 2004 1484 2078 inde
1515 2005 1846 2082 tumulum
1883 2000 2041 2088 suis,
2088 2014 2394 2108 quamvis
2432 2006 2510 2079 le-
2551 2016 2555 2020 ⁴

450 2117 523 2184 ¹vi
554 2117 975 2183 munimento
1008 2130 1255 2196 tutum,
1293 2117 1483 2209 cepit.
1587 2113 1809 2206 Qum
1855 2109 2132 2194 Aetoli,
2170 2108 2301 2183 nist
2341 2106 2508 2212 quod

451 2214 965 2315 populabantur,
1001 2220 1109 2289 vix
1140 2210 1512 2289 meminisse
1557 2209 1965 2302 viderentur,
2000 2209 2065 2285 se
2105 2221 2181 2286 in
2225 2214 2504 2287 hostium

455 2346 617 2421 agro
657 2315 827 2407 effe}
871 2317 988 2392 alii
1026 2317 1220 2418 palati
1259 2314 1637 2394 semiermes
1683 2337 2098 2418 vagarentur,
2132 2318 2272 2393 ‘alii
2305 2327 2379 2394 in
2417 2345 2503 2391 ca·

454 2424 596 2497 stris‘
625 2421 761 2496 fine
794 2422 1171 2503 stationibus
1211 2419 1685 2523 persomnum
1724 2431 2083 2522 vimunque
2128 2420 2272 2497 dies
2311 2424 2503 2497 nodi·

454 2529 575 2602 bus
618 2546 997 2629 aequarent,
1042 2526 1385 2626 Philippus
1426 2527 1916 2625 inopinantibus
1959 2521 2244 2602 advenit.
2318 2552 2499 2629 quem

500 2659 660 2703 uum
691 2628 897 2702 adeffe
926 2626 1323 2729 refugientes
1353 2637 1433 2702 ex
1459 2637 1626 2728 agris
1653 2628 1921 2729 quidam
1956 2631 2184 2729 pavidi
2229 2624 2501 2705 nuncias-

451 2660 614 2819 Fent,
651 2731 975 2832 trepidare
1000 2738 1417 2809 Damocritus
1447 2738 1771 2832 ceterique
1802 2729 2032 2806 duces:
2073 2755 2141 2807 et
2183 2756 2313 2809 erat
2337 2731 2492 2807 forte

453 2836 900 2912 meridianum
925 2843 1218 2939 tempus,
1256 2863 1395 2941 quo
1422 2835 1720 2945 plerique
1744 2862 1970 2936 graves
1985 2840 2154 2937 'cibo
2185 2837 2380 2940 sopiti
2421 2844 2495 2933 ja·

452 2943 700 3016 cebant.
801 2942 1101 3011 Excitare
1144 2945 1340 3037 igitur
1377 2939 1487 3010 alii
1530 2938 1736 3022 alios,
1771 2942 1992 3033 jubere
2035 2970 2227 3018 arma
2268 2966 2494 3043 capere,
2584 2938 2588 2949 ’

447 3044 611 3131 alios
637 3040 967 3115 dimittere
995 3038 1078 3113 ad
1110 3038 1551 3126 revocandOS,
1592 3048 1706 3142 qui
1734 3041 1930 3141 palati
1960 3071 2081 3144 per
2118 3074 2308 3148 agros
2336 3068 2494 3146 prae-

451 3142 779 3220 dabantur.
815 3154 1119 3245 tantaque‘
1147 3142 1495 3244 trepidatio
1524 3140 1671 3231 fuit,
1710 3165 1783 3218 ut
1811 3145 1948 3220 fine
1975 3149 2212 3247 gladiis
2245 3147 2493 3254 quidam

390 3280 391 3289 ¹
450 3258 747 3353 equitum
792 3255 1076 3335 exirent,
1134 3250 1371 3341 loricas
1416 3251 1715 3350 plerique
1754 3276 1895 3353 non
1936 3250 2301 3329 induerent.
2407 3257 2493 3323 Ita

447 3362 688 3456 raptim
716 3352 970 3433 educti.
1015 3382 1221 3456 quum
1253 3353 1535 3428 univerfi
1577 3352 2035 3429 sexcentorum
2077 3387 2270 3461 aegre
2309 3351 2491 3431 simul

449 3467 699 3562 equites
726 3453 1102 3562 peditesque
1143 3471 1503 3547 numerum
1539 3456 1923 3561 expleffent,
1963 3461 2259 3537 incidunt
2298 3469 2370 3536 in
2407 3484 2492 3531 re-

447 3574 641 3668 gium
685 3571 1082 3665 equitatum,
1135 3592 1456 3651 numero,
1507 3570 1781 3650 animiS,
1825 3560 2162 3668 armisque¹
2191 3564 2489 3670 praestan·

339 3758 344 3766 ‚
449 3690 603 3743 tem.
707 3674 925 3769 Itaque
956 3674 1176 3765 primo
1213 3675 1441 3764 inpetu
1485 3664 1647 3753 fust,
1686 3675 1798 3742 vix
1838 3688 2083 3744 tentato
2127 3675 2488 3748 certamine,

447 3780 619 3872 turpi
648 3769 806 3872 fuga
851 3790 1151 3871 repetunt
1186 3770 1403 3845 castra.
1448 3769 1610 3844 caefi
1656 3778 1952 3872 captique
2000 3774 2300 3877 quidam,
2336 3794 2487 3875 quos
2525 3828 2528 3837 .

449 3884 693 3988 equites
721 3880 807 3957 ab
835 3881 1104 3985 agmine
1133 3870 1534 3976 fugientium
1572 3872 2004 3951 interclusere.
2308 3977 2474 4054 XLII

553 4148 610 4218 Ι)
646 4142 948 4209 Permbt‘m
978 4152 1143 4205 Gron.
1385 4170 1390 4176 ·
1451 4180 1476 4213 ,

2573 4038 2596 4075 s
2647 4042 2648 4055 ,
