2732 4671
782 256 1294 309 Linxxvn
1398 256 1853 307 caux-xx
1956 260 1961 265 ’
2110 261 2332 337 Αμε),

250 450 382 529 gna
413 418 696 498 occidit.
791 417 957 495 Inde
982 445 1186 524 quum
1215 422 1454 497 Aetoli'
1478 440 1661 495 metu
1706 390 2030 522 compiilfi
2066 428 2335 502 Lamiae
2418 466 2424 475 ·
2478 412 2491 424 ⁶

157 610 164 617 „
250 532 429 603 urbis
460 525 828 601 moenibus
855 545 1148 601 tenerent
1172 522 1339 610 sese,
1383 527 1730 625 ‘Philippus
1758 525 1838 611 ad
1858 529 2129 603 xPhalara
2154 558 2331 605 exer-

252 642 462 708 citum
505 629 794 704 reduxit.
833 637 910 703 in
948 631 1248 705 Maliaco
1294 628 1442 704 finu
1481 637 1538 704 is
1562 631 1754 703 locus
1808 630 1931 718 est,
1987 635 2349 735 quondam„

249 734 632 838 frequenter
653 736 975 808 habitatus
1002 755 1273 835 propter
1300 742 1639 835 egregium
1658 806 1659 809 ,
1678 754 1981 834 portum,
2042 736 2326 842 tutasque

248 849 435 915 circa
473 839 810 923 stationes,
865 860 928 912 et
952 840 1151 912 aliam
1192 846 1753 938 opportunitatem
1780 846 2179 917 maritimam
2203 865 2327 917 ter·

247 944 678 1045 restremque.
774 947 884 1016 Eo
910 940 1104 1043 legati
1135 945 1215 1016 ab
1242 968 1398 1043 rege
1424 948 1724 1043 'Aegypti
1739 942 2331 1030 Ptolemaeo-,Rho-

255 1044 554 1148 diisque‚
604 1069 668 1120 et
713 1045 1252 1132 Atheniensibus,
1307 1071 1372 1121 et
1409 1050 1599 1121 Chiis
1658 1068 2010 1131 venerunt,
2052 1044 2137 1119 ad
2177 1048 2331 1122 diri-

258 1150 588 1227 mendum
625 1158 795 1223 inter
825 1150 1204 1253 Philippum
1232 1169 1424 1251 atque
1460 1150 1737 1224 Aetolos
1782 1150 2053 1224 bellumss
2197 1151 2329 1225 Ad·

253 1258 507 1337 hibitus
533 1256 613 1327 ab
640 1254 896 1337 Aetolis
927 1275 1004 1339 et„
1021 1281 1103 1328 ex
1128 1254 1432 1328 finitimis
1458 1254 1839 1355 pacificator
1865 1254 2331 1350 Amynander,

245 1387 373 1433 rex
405 1363 878 1435 Athamanum.
977 1363 1309 1433 Omnium
1330 1378 1548 1453 autem
1579 1385 1726 1435 non
1751 1378 1927 1432 tanta
1964 1386 2089 1457 pro
2134 1366 2334 1435 Aeto-

244 1464 333 1540 lis
365 1488 521 1536 cura
545 1481 716 1547 erat,
763 1456 1198 1545 ferocioribus
1228 1490 1426 1562 quam
1446 1488 1573 1563 pro
1598 1469 1877 1562 ingeniis
1923 1468 2333 1538 Graecorum

248 1571 505 1668 gentis:
579 1593 783 1668 quam
828 1593 914 1638 ne
952 1567 1289 1667 Philippus
1326 1593 1606 1666 regnum
1652 1594 1736 1639 ue
1778 1574 1947 1661 ejus„
2011 1593 2207 1666 grave
2247 1570 2326 1643 li·

251 1672 488 1745 bertati
511 1665 814 1743 futurum
830 1723 853 1755 ‚
901 1672 1091 1759 rebus
1116 1677 1423 1745 Graeciae
1447 1595 1921 1765 inmillccretur.
2016 1676 2131 1744 De
2163 1699 2327 1772 pace

251 1772 452 1860 dilata
491 1769 886 1848 consultatio
926 1774 1019 1848 est
1057 1781 1130 1851 in
1174 1774 1540 1847 concilium
1586 1780 2046 1864 Achaeorum3
2100 1783 2329 1855 ‘conciv

248 1878 475 1980 lioque
514 1884 581 1950 ei
624 1896 691 1949 et
725 1876 912 1951 locus
953 1898 1017 1952 et
1043 1868 1179 1952 dies
1222 1898 1395 1953 certa
1437 1875 1704 1957 indic'ta.
1760 1885 2034 1952 interim
2058 1885 2329 1979 triginta

249 1980 518 2057 dierum
569 1978 873 2061 induciae
928 1988 1322 2083 impetratae.
1466 1979 1802 2056 Profectus
1846 1978 2025 2059 inde,
2049 2009 2173 2055 rex
2206 2010 2327 2084 per

253 2081 668 2161 Thessaliam
696 2088 1208 2186 Boeotiamque,
1252 2085 1646 2159 Chalcidem
1678 2087 1985 2159 Euboeae
2010 2094 2214 2172 venit,
2255 2106 2329 2166 ut

252 2187 590 2272 Attalum,
632 2214 829 2288 quem
861 2184 1046 2261 claffe
1070 2191 1414 2267 Euboeam
1438 2194 1794 2290 petituru'm
1823 2187 2133 2275 audierat,
2176 2214 2359 2289 por-.

253 2294 447 2366 tubus
473 2311 537 2364 et
560 2291 838 2366 litorum
858 2290 1125 2394 adpulsu
1152 2314 1415 2367 arceret.
1517 2290 1704 2377 Inde,
1738 2290 2065 2389 praesidio
2093 2295 2326 2367 relicto

255 2393 560 2482 adversus
602 2395 926 2482 Attalum,
966 2394 1019 2469 ss
1061 2394 1234 2468 forte
1277 2402 1548 2468 interim
1587 2392 1955 2490 trajecisset,
1991 2393 2354 2494 profectus*

254 2495 403 2599 ipse
426 2527 583 2588 cum
613 2508 826 2598 paucis
868 2507 1166 2602 equitum
1199 2495 1499 2600 levisque
1535 2518 1925 2583 armaturae,
1970 2506 2189 2597 Argos
2228 2529 2333 2582 ve?

258 2611 386 2678 nit.
487 2605 588 2677 Ibi
617 2612 948 2680 curatione
979 2609 1397 2678 Heraeorum
1421 2607 1970 2703 Nemeorumque
2005 2599 2329 2704 suffragiis

250 2707 495 2810 populi
525 2704 609 2780 ad
641 2735 800 2782 cum
834 2707 1081 2795 delata,
1126 2716 1278 2810 quia
1305 2704 1371 2781 se
1400 2703 1858 2780 Macedonum
1900 2733 2086 2807 reges
2110 2735 2214 2780 ex
2252 2736 2331 2781 ea

250 2819 513 2886 civitate
539 2809 860 2886 on'undos
889 2808 1216 2898 referunt.)
1256 2817 1531 2886 Heraeis
1562 2814 1866 2911 peractis,
1919 2812 1999 2884 ab
2045 2807 2191 2911 ipso
2231 2810 2329 2884 lu-

253 2914 444 2991 dicro
472 2915 813 3016 extemplo
841 2920 1096 2992 Rhium
1120 2912 1456 3016 profectus
1485 2915 1609 3002 est,
1658 2912 1742 2988 ad
1760 2913 2115 2990 ,indictum
2159 2915 2333 2992 mul·x

253 3041 324 3095 to
351 3040 504 3094 ante
534 3017 875 3094 sociorum
901 3021 1284 3096 concilium.
1428 3020 1527 3092 Ibi
1555 3017 1639 3093 de
1681 3020 1993 3094 Aetolico
2025 3017 2332 3094 finiendo
2430 3009 2461 3114 J

253 3125 434 3198 bello
459 3126 685 3198 adium
703 3177 724 3207 ,
770 3150 858 3198 ne
884 3120 1088 3200 cauffa
1116 3145 1223 3199 aut
1249 3124 1611 3210 Romanis,
1654 3144 1761 3196 aut
1789 3124 2010 3198 Attalo
2038 3121 2330 3197 intrandi

255 3233 618 3312 Graeciam
637 3222 830 3312 ssssct.
982 3225 1110 3301 Sed
1150 3255 1226 3302 ca
1266 3235 1539 3311 omnia,
1592 3225 1868 3302 vixdum
1910 3225 2330 3302 induciarum

250 3350 569 3431 tempore
595 3332 1036 3417 circumacta,
1082 3332 1303 3405 Aetoli
1332 3333 1705 3414 turbavere,
1744 3329 1891 3429 post
1939 3356 2092 3404 uam
2131 3351 2195 3402 et
2222 3334 2334 3402 At·

252 3435 467 3508 talum
514 3441 848 3535 Aeginam
894 3431 1175 3522 venisse,
1236 3456 1299 3508 et
1338 3429 1719 3509 Romanam
1760 3432 1822 3504 cl
1913 3459 2023 3504 em
2045 3432 2222 3512 (stare
2249 3429 2334 3506 ad

251 3541 680 3641 Naupadtum
704 3535 1022 3613 audivere.
1068 3546 1304 3613 Vocati
1330 3545 1511 3612 enim
1537 3545 1612 3610 in
1640 3535 2007 3611 concilium
2039 3539 2332 3614 Achaeo·

260 3668 453 3726 rum,
506 3650 583 3715 in
630 3670 767 3745 quo
814 3639 1080 3716 eaedem
1110 3643 1470 3744 legationes
1499 3659 1714 3725 erant,
1755 3665 1917 3741 quae
1950 3635 2033 3713 ad
2060 3639 2334 3716 Phalara

259 3765 529 3842 egerant
566 3744 651 3820 de
695 3772 892 3846 pace,
940 3753 1241 3846 primum
1293 3746 1506 3848 questi
1563 3742 1713 3819 sunt
1767 3743 2084 3847 quaedam
2133 3771 2334 3842 parva

256 3869 500 3921 contra
538 3848 749 3926 fidem
790 3857 1252 3924 conventionis
1303 3872 1605 3949 tempore
1656 3850 2072 3924 induciarum
2127 3843 2334 3918 fadkaa

248 3948 602 4053 postremo
646 3975 969 4054 negarunt
1011 3951 1240 4027 dirimi
1277 3953 1529 4031 bellum
1574 3950 1786 4053 posse,
1827 3949 1947 4025 nis1
1988 3945 2329 4024 Messeniis

243 4059 510 4133 Achaei
535 4057 786 4150 Pylum
815 4053 1190 4148 redderent,
1255 4061 1578 4140 Romanis
1617 4055 2047 4135 restitueretur
2086 4058 2336 4130 Atinta-

613 4181 621 4188 '
2188 4153 2324 4247 nia,
