2732 4671
829 261 1173 311 t1n.xr.
1279 259 1706 309 canni<
1807 335 1814 342 ,
2111 248 2246 323 815

198 429 409 507 Latini
456 430 754 497 nominis
809 421 919 497 sex
970 418 1185 497 millia
1250 421 1589 522 peditum,
1636 431 1910 498 trecenti
1953 406 2246 527 eciuites.

198 532 459 611 Necrei
491 532 734 603 navalis
768 557 921 601 cura
949 524 1199 601 omissa.
1248 524 1721 599 duumvirosin
1738 554 1883 600 eam
1917 555 2061 601 rem
2093 557 2250 603 con·

138 646 141 649 ’
192 629 364 706 sules
395 658 610 706 creare
643 631 823 728 juffi,
861 660 980 732 per
1006 658 1169 734 quos
1206 659 1397 704 naves
1430 638 1490 703 vi
1545 637 1665 703 inti
1705 629 2021 705 deductae
2062 661 2250 707 nava·

193 736 367 809 libus
407 733 598 808 sociis
636 738 883 810 civibus
927 742 1282 819 RomaniS,
1352 741 1465 835 qui
1491 658 1861 807 fervitutem
1902 731 2257 821 servissent,

196 839 726 940 complerentur3
766 847 1046 941 ingenui
1076 862 1328 913 tantum
1358 860 1431 911 ut
1457 845 1535 911 iis
1574 836 1946 938 praeessent.
2074 845 2251 913 Inter

198 940 584 1017 duumviros
614 952 698 1016 ita
727 940 939 1043 divisa,
965 943 1198 1016 tuenda
1237 941 1421 1014 denis
1462 944 1732 1015 navibus
1763 950 2094 1015 maritima
2109 969 2249 1029 ora,

196 1067 270 1120 ut
296 1055 840 1145 promontorium
876 1056 955 1121 iis
984 1053 1363 1130 Minervae,
1408 1047 1584 1120 velut
1612 1043 1852 1131 oerdo,
1902 1054 1975 1119 in
2015 1043 2246 1121 medio

201 1145 380 1222 esset:
428 1152 587 1225 alter
618 1160 688 1223 in
718 1148 1011 1225 dextram
1041 1173 1292 1252 partem
1323 1146 1521 1250 usque
1548 1148 1631 1223 ad
1665 1149 2021 1225 Maffiliam
2041 1205 2062 1237 ,
2121 1152 2248 1225 lae·

195 1282 351 1328 vam
370 1254 542 1335 ,alter
562 1252 766 1356 *usque
794 1257 877 1329 ad
901 1261 1167 1329 Barium
1198 1275 1500 1327 tueretur.

347 1362 516 1430 XIX.
576 1357 881 1458 Prodigia
925 1362 1129 1433 multa
1170 1356 1366 1431 foeda
1400 1379 1464 1429 et
1490 1361 1745 1432 Romae
1779 1385 1862 1430 eo
1889 1380 2064 1430 anno
2097 1352 2248 1444 visa,

197 1475 263 1530 et
318 1469 618 1535 nunciata
661 1490 949 1565 peregre.
1053 1469 1132 1537 In
1173 1489 1317 1535 area
1369 1462 1654 1534 Vulcani
1710 1458 1774 1533 et
1830 1458 2251 1535 Concordiae

197 1559 584 1663 sanguinem
615 1568 820 1666 pluit,
865 1588 928 1638 et
959 1566 1303 1666 pontifices
1327 1565 1534 1638 hastas
1580 1588 1790 1638 motas
1831 1571 2266 1650 nunciavere,⁶

197 1686 263 1739 et
305 1674 579 1744 Lanuvii
621 1670 1045 1744 simulacrum
1085 1676 1360 1759 ⁴lunonis
1403 1666 1694 1769 Sospitae
1736 1665 2112 1743 lacrimasse.
2185 1690 2251 1741 et
2326 1664 2333 1683 '

195 1770 563 1871 pestilentia
594 1779 665 1846 in
696 1781 899 1875 agria,
938 1770 1261 1876 forisque,
1296 1793 1359 1845 et
1385 1774 1873 1859 conciliabulis,
1929 1795 1991 1845 et
2037 1780 2109 1845 in
2148 1800 2264 1861 ur·⁸

196 1878 280 1947 be
313 1896 483 1950 tanta
513 1901 683 1962 erat,
734 1902 805 1952 ut
832 1881 1114 1952 Libitina
1146 1901 1301 1951 tunc
1329 1884 1442 1950 vix
1474 1874 1829 1949 subficeret.
1932 1882 2060 1950 His
2099 1902 2252 1975 pro·

195 1975 390 2078 digiis
414 1976 1030 2083 cladibusque'anxii
1059 1988 1268 2055 Patres
1300 1980 1760 2065 decreverunt,
1808 2000 1878 2053 ut
1907 2002 1971 2054 et
2017 1976 2248 2054 consu-

193 2082 326 2167 les,
383 2088 613 2185 quibus
654 2085 1200 2187 Diissvideretur,
1249 2085 1480 2157 hostiis
1528 2086 1883 2180 majoribus
1932 2081 2247 2158 sacrifica-

194 2205 373 2270 rent,
419 2207 482 2257 et
511 2185 870 2259 decemviri
898 2188 1105 2260 libros
1131 2186 1401 2259 adirent.
1497 2191 1752 2259 Eorum
1795 2185 2057 2261 decreto
2104 2184 2250 2301 sup·

187 2287 465 2388 plicatio
505 2297 676 2363 circa
723 2297 951 2364 omnia
992 2291 1356 2391 pulvinaria
1404 2291 1660 2361 Romae
1701 2297 1773 2362 in
1814 2288 1994 2364 diem
2036 2318 2294 2367 unum·
2389 2383 2392 2392 μ

193 2388 447 2466 indic‘la
473 2395 580 2466 est.
625 2390 855 2467 iisdem
888 2396 1258 2470 audioribus
1295 2389 1629 2466 et‘senatus
1656 2389 1934 2480 censuit,
1980 2415 2044 2482 et
2092 2420 2249 2465 con·

192 2492 362 2567 sules
389 2495 766 2583 edixerunt,
816 2520 888 2571 ut
915 2526 1035 2600 per
1060 2519 1267 2571 totam
1298 2483 1547 2572 Italiam
1588 2495 1879 2578 triduum
1923 2495 2245 2599 supplica·

191 2606 292 2671 tio
322 2618 387 2672 et
414 2596 614 2672 feriae
644 2598 859 2674 essent.
958 2602 1362 2676 Pestilentiae
1391 2619 1560 2674 tanta
1585 2609 1682 2674 vis
1713 2621 1881 2687 erat,
1918 2623 2008 2686 ut,
2039 2629 2244 2702 quum
2301 2661 2306 2664 .

192 2724 469 2803 propter
517 2701 959 2779 defectionem
1001 2703 1400 2790 Corsorum,
1454 2704 1834 2806 bellumque
1874 2707 1954 2778 ab
1997 2702 2246 2779 Iliensi·

191 2807 312 2878 bus
339 2816 737 2882 concitatum
764 2816 836 2881 in
863 2808 1195 2895 Sardinia,
1238 2812 1394 2882 ocio
1435 2809 1650 2882 millia
1683 2807 1982 2910 pediturn
2024 2835 2104 2884 ex
2147 2806 2250 2883 so-

196 2916 322 2982 ciis
338 2915 550 2984 Latini
580 2920 878 2985 nominis
905 2911 1097 2987 scribi
1120 2910 1478 3014 placuisset,
1526 2935 1588 2986 et
1614 2928 1935 2987 trecentos
1971 2921 2245 3015 equites,

196 3040 364 3114 quos
396 3020 498 3087 M.
530 3021 822 3089 Pinarius
848 3041 1106 3117 praetor
1145 3014 1369 3091 secum
1401 3024 1474 3089 in
1501 3017 1872 3104 Sardiniam
1915 3025 2248 3113 trajiceret,

189 3119 447 3190 tantum
484 3124 844 3194 hominum
893 3118 1316 3195 demortuum
1361 3117 1520 3208 esse,
1568 3143 1823 3196 tantum
1865 3123 2108 3223 ubique
2148 3149 2245 3195 ae-
2293 3167 2298 3176 -

183 3246 467 3321 grorum
502 3220 795 3298 consules
824 3233 1369 3310 renunciaverint,
1403 3246 1472 3297 ut
1503 3234 1553 3298 is
1579 3254 1888 3300 numerus
1917 3226 2245 3321 efficimi-

183 3325 386 3398 litum
418 3353 558 3399 non
585 3338 888 3427 potuerit.
933 3327 1113 3431 quod
1145 3328 1359 3401 deerat
1389 3330 1714 3413 militum,
1759 3327 2009 3403 sumere
2037 3359 2071 3402 a
2116 3335 2242 3403 Cn.

179 3432 426 3502 Baebio
453 3430 879 3529 proconsule,
918 3440 1029 3534 qui
1057 3431 1213 3505 Pisis
1258 3432 1668 3517 hibernabat,
1729 3428 1920 3527 jussus
1961 3453 2244 3532 praetor,
2265 3393 2368 3500 ⁶

184 3552 384 3634 atque
433 3532 588 3606 inde
627 3543 697 3609 in
742 3533 1112 3610 Sardiniam
1157 3543 1468 3629 trajicere.
1582 3542 1652 3609 L.
1707 3540 2019 3610 Duronio
2064 3563 2244 3635 prae·

183 3643 356 3720 tori,
413 3644 519 3710 cui
559 3646 903 3736 provincia
935 3639 1173 3740 Apulia
1202 3660 1535 3724 evenerat,
1580 3638 1822 3736 adjecta
1853 3638 1934 3712 de
1964 3645 2240 3714 Baccha·

184 3738 444 3828 nalibus
493 3743 777 3841 quaestio
805 3745 927 3817 est:
990 3752 1166 3840 cujus
1209 3741 1459 3816 refidua
1490 3741 1804 3845 quaedam
1839 3739 2243 3838 velutlsemi·

181 3871 274 3915 na
302 3870 384 3915 ex
411 3848 738 3944 prioribus
769 3849 953 3922 malis
982 3857 1111 3945 jam
1140 3854 1361 3949 priore
1390 3875 1570 3920 anno
1612 3845 2072 3948 adparuerant:
2126 3845 2240 3922 sed

183 3954 402 4048 magis
431 3952 773 4024 inchoatae
800 3950 972 4052 apud
996 3959 1064 4026 L.
1095 3959 1379 4051 Pupium
1422 3972 1789 4050 praetorem
1831 3952 2238 4054 quaestiones

182 4069 409 4142 erant,
471 4078 674 4153 quam
716 4050 803 4129 ad
840 4063 1101 4162 exitum,
1123 4058 1337 4135 ullum
1376 4054 1748 4158 perduelae.
1794 4056 1864 4134 id
1903 4052 2239 4161 persecare

1977 4186 2237 4240 novum
