2732 4671
726 272 820 323 ιι
858 271 917 322 n.
958 227 1277 324 xxx'ni
1377 272 1419 324 o
1454 242 1598 324 Ar.
1646 274 1939 326 xxxvi
2215 254 2360 350 ’433

303 427 455 511 effit'
494 436 645 539 post
690 440 1072 526 vidioriam,
1129 446 1239 542 qui
1283 446 1355 513 in
1395 440 1575 515 bello
1613 435 1857 514 fiiiffet:
1913 440 2022 515 alii
2059 438 2346 522 ferocius

230 629 235 638 ι
294 539 703 629 incusarunt,
760 545 1395 646 exprobraruntque,
1436 549 1594 620 Non
1647 550 1837 616 modo
1866 552 2190 648 vincistnc
2219 552 2350 628 Aa·
2421 615 2432 634 ,

295 652 457 720 tolis
499 649 923 740 Philippum,
958 641 1086 744 fid
1126 674 1203 719 m
1245 651 1529 748 transire
1569 651 1815 749 quidem
1869 654 1939 722 in
1975 655 2346 730 ,Graeciam

298 753 631 844 Romanos
651 749 993 848 pomtffef'*
1040 753 1043 760 ’
1097 747 1420 825 Adversus
1452 780 1526 824 ea
1563 747 1955 849 respondere
1998 757 2126 842 (ne
2152 762 2223 827 in
2258 755 2345 829 al-

297 861 729 928 tercationem
773 851 1105 928 excederet
1148 863 1287 950 res)
1349 883 1555 957 quum
1609 853 2049 954 supersedisset
2100 862 2343 934 Roma·

297 984 454 1044 nus3
530 963 749 1029 onznia
790 985 895 1029 cos
936 983 1137 1056 aequa
1178 965 1670 1053 inpetraturos,
1712 963 1788 1060 fi
1831 966 2108 1035 Romam
2162 965 2345 1064 misis-

275 1060 478 1155 sent,
519 1059 698 1132 dixit.
745 1067 956 1164 itaque
996 1089 1075 1133 ex
1123 1065 1501 1136 audioritate
1532 1073 1660 1159 ejtts
1688 1061 1925 1139 decreti
1949 1063 2142 1164 legati
2176 1063 2343 1141 sunt.

300 1169 511 1236 Hunc
539 1163 743 1237 finem
773 1166 1022 1238 bellum
1048 1192 1210 1240 cum
1252 1168 1565 1267 Philippo
1590 1167 1831 1241 habuit.
2355 1205 2364 1212 ·

446 1270 734 1368 XXXVI.
790 1273 1015 1368 Qum
1057 1274 1219 1342 haec
1260 1278 1334 1343 in
1380 1276 1654 1345 Graecia
1704 1269 2230 1374 Macedoniaque
2276 1292 2342 1347 et

299 1366 451 1443 Asta
493 1381 899 1471 gererentur,
964 1377 1289 1446 Etruriam
1336 1370 1636 1448 infestam
1700 1400 1910 1472 prope
1979 1383 2342 1472 conjuratio

292 1471 631 1547 servorum
674 1470 853 1570 fecit,
901 1475 979 1548 ad
1026 1475 1458 1578 quaerendam
1507 1477 2135 1579 obprimendamque
2191 1508 2343 1556 eam

296 1582 420 1651 Μ’.
450 1579 698 1652 Acilius
726 1601 1020 1678 praetor,
1085 1587 1190 1653 cui
1219 1587 1385 1654 inter
1416 1589 1590 1655 cives
1620 1579 2121 1683 peregrinosque
2161 1580 2338 1678 juris:

298 1678 505 1754 dictio
531 1685 871 1781 obtigerat,
911 1711 1066 1757 cum
1094 1712 1221 1757 una
1250 1713 1330 1758 ex
1352 1683 1607 1760 duabus
1631 1688 1903 1786 legione
1931 1696 2174 1758 urbana
2191 1683 2344 1758 mis-

298 1781 440 1871 sus,
476 1787 641 1859 alios
667 1794 796 1881 jam
830 1811 1253 1888 congregatos
1282 1788 1645 1890 pugnando
1674 1797 1865 1876 vicit3
1908 1815 1988 1859 ex
2011 1794 2116 1860 his
2146 1791 2343 1862 multi

296 1888 532 1988 opcisit,
603 1890 796 1963 multi
844 1899 1047 1990 capti:
1118 1892 1283 1966 alios
1329 1897 1693 1967 verberatos
1750 1892 2046 1965 crucibus
2091 1891 2342 1978 adfixit,

293 2001 408 2095 qui
440 2000 767 2094 principes
797 2001 1261 2090 conjurationis
1290 1991 1582 2071 fuerant:
1620 1998 1784 2070 alios
1828 1994 2123 2068 dominis
2167 1996 2343 2068 resti·

288 2103 431 2169 tuit.
529 2094 849 2170 Consules
875 2104 947 2170 in
963 2107 1335 2197 provincias
1360 2093 1647 2201 profesti
1671 2099 1834 2175 sunt.
1939 2101 2345 2176 Marcellum

289 2204 608 2295 Boiorum
646 2198 1000 2300 ingreffum
1028 2203 1229 2287 fines,
1272 2199 1545 2303 fatigato
1571 2232 1691 2305 per
1736 2200 1919 2277 diem
1963 2224 2180 2275 totum
2218 2211 2345 2276 mi·

288 2303 410 2378 lite
456 2310 559 2378 via
601 2300 931 2391 facienda,
980 2305 1176 2378 castra
1219 2312 1293 2377 in
1334 2309 1595 2379 tinnulo
1629 2305 1919 2406 quodam
1952 2327 2343 2404 ponentem,

288 2408 729 2507 Corolamus,
777 2408 1033 2507 regulus
1065 2414 1419 2503 Boiorum,
1470 2435 1626 2482 cum
1660 2435 1900 2506 magna
1929 2436 2130 2481 manu
2158 2407 2344 2481 ador·

287 2530 435 2590 tus..
492 2508 572 2583 ad
612 2520 729 2585 tria
771 2512 986 2584 millia
1027 2513 1389 2585 hominum
1440 2509 1721 2585 occidit:
1777 2530 1840 2581 et
1879 2509 2177 2583 inlustres
2216 2516 2347 2584 viri

292 2614 545 2715 aliquot
571 2621 643 2688 in
670 2616 792 2689 illo
821 2615 1243 2699 tumultuario
1270 2615 1527 2714 proelio
1555 2613 1946 2698 ceciderunt,
1973 2619 2144 2685 inter
2180 2640 2345 2715 quos

289 2712 611 2818 praefed'ii
644 2717 934 2804 socium,
977 2721 1069 2791 T.
1108 2727 1176 2815 P)
1219 2724 1650 2819 Sempronius
1684 2720 2050 2801 Gracchus,
2094 2722 2198 2790 M.
2244 2722 2349 2807 Ju-

289 2828 443 2894 nius
466 2822 750 2920 Silanun
800 2845 862 2895 et
888 2829 966 2896 tri
1057 2818 1129 2895 ni
1172 2823 1464 2897 militum
1492 2821 1573 2897 de
1596 2823 1865 2921 legione
1898 2816 2216 2905 secunda,
2260 2826 2343 2894 A.

288 2925 624 3025 Ogulnius
651 2951 716 3000 et
742 2932 809 2999 P.
834 2927 999 2999 Clau
1050 2930 1160 3000 ‘us.
1205 2925 1403 3000 castra
1437 2949 1659 3003 tamen
1683 2926 1761 2998 ab
1810 2927 2131 2999 Romanis
2175 2932 2347 3024 ‘mpi-

287 3055 411 3129 gre
452 3038 818 3128 permunita
862 3052 1262 3131 retentaque,
1316 3056 1524 3132 quum
1567 3028 1784 3104 hostes
1827 3057 1862 3100 a
1889 3024 2197 3129 prospera
2232 3056 2346 3129 pu·

286 3159 424 3233 gna
448 3132 893 3235 nequidquam
921 3135 1009 3205 ob
1055 3130 1409 3235 ugnass'ent.
1508 3139 1763 3208 Stativis
1810 3129 2052 3205 deinde
2097 3129 2347 3207 eisdem

280 3262 415 3338 per
459 3233 598 3309 dies
643 3238 894 3339 aliquot
931 3160 1062 3309 sel}
1090 3245 1330 3322 tenuit,
1370 3234 1533 3310 dum
1559 3258 1643 3309 -et
1667 3235 1919 3309 saucios
1950 3257 2233 3319 curaret,
2281 3254 2349 3319 et

286 3369 331 3412 a
368 3359 546 3414 tanto
586 3362 835 3414 terrore
872 3347 1133 3413 animos
1179 3342 1470 3419 militum
1511 3341 1820 3413 reficeret.
1923 3344 2108 3434 Boji,
2154 3358 2224 3411 ut
2252 3339 2347 3411 est

339 3470 453 3516 ens
495 3453 781 3518 minime
812 3441 894 3516 ad
942 3453 1011 3540 q)
1067 3471 1294 3518 morae
1336 3441 1624 3516 taedium
1669 3446 1953 3540 patiens,
1993 3449 2063 3513 in
2096 3440 2350 3513 castella

285 3470 402 3620 {aa
446 3545 753 3649 vicosque
796 3546 1028 3647 dilapsi
1069 3544 1233 3621 sunt.
1346 3546 1722 3628 Marcellus,
1762 3540 1941 3617 Pado
1990 3538 2346 3617 confestim

286 3654 594 3745 traiecto,
636 3660 709 3725 in
739 3678 970 3751 agrum
994 3648 1433 3735 Comensem,
1472 3651 1585 3753 ubi
1621 3645 1940 3732 Insubres,
2001 3642 2364 3719 Comensi?

286 3756 409 3827 bus
438 3753 518 3827 ad
548 3783 729 3828 arma
758 3763 1022 3840 excitis,
1067 3755 1262 3828 castra
1286 3754 1642 3837 habebant,
1693 3749 1875 3824 ducit
1910 3751 2220 3850 legiones.
2267 3754 2341 3820 in

276 3851 434 3957 ipso
466 3862 701 3931 itinere
730 3859 1068 3959 proelium
1109 3866 1569 3934 committunt:
1613 3874 1678 3928 et
1707 3860 1930 3956 primo
1981 3850 2147 3926 adeo
2186 3858 2349 3925 acri·

882 3992 883 3995 ¹
2241 3972 2342 4029 tet

352 4090 433 4165 p)
476 4095 555 4146 Ti.
594 4098 759 4152 Gran.
775 4098 924 4154 (ζέον.
1064 4118 1125 4213 .
1415 4087 1485 4162 q)
1519 4092 1575 4144 ob
1605 4091 1920 4145 GronAErev.

376 4181 901 4250 zaman-
994 4246 997 4247 ἢ
1098 4208 1107 4215 ·
1462 4170 1567 4237 Ee
1913 4184 2036 4207 ‘²

346 4438 375 4465 Χ
