2732 4671
730 201 1242 286 “timitxxu
1348 234 1836 286 CAP.xxv1
1943 309 1946 314 .
2192 228 2332 307 385

265 430 311 475 a
342 401 718 482 Thracibus
744 402 1035 491 conjecta
1064 400 1189 475 tela
1207 456 1227 486 ‚
1264 397 1728 504 interfectique
1747 428 2000 477 omnes.
2071 402 2158 485 Et
2180 404 2349 502 post·

258 509 533 606 paciam
559 512 736 576 inter
760 508 1058 578 Achaeos
1090 527 1152 578 et
1179 509 1520 579 Romanos
1543 502 1913 581 societatem
1947 505 2325 592 duaeaiobi·

258 607 550 685 liffimae
581 615 902 693 civitates,
944 614 1105 708 Argi
1144 628 1206 682 et
1249 612 1646 696 CorinthuS,
1684 616 1759 683 in
1793 610 2109 710 potestate
2148 619 2322 712 regis

256 733 473 792 erant.
574 717 766 785 Haec
794 713 875 784 ab
898 717 1218 786 Romanis
1248 739 1320 787 eu
1344 712 1572 787 aestate
1598 720 1672 787 in
1699 719 1969 792 Graecia
1997 736 2164 788 terra
2188 743 2323 791 ma·
2379 711 2382 722 ”

248 827 455 921 rique
478 815 672 915 gesta.

421 924 654 993 XXVI.
694 921 772 1002 In
802 918 1014 998 Gallia
1045 919 1219 994 nihil
1245 915 1396 993 sane
1428 922 1876 996 memorabile‘
1899 921 1979 995 ab
2027 926 2169 996 Sex.
2196 928 2320 996 Ae·
2377 919 2380 922 ’
2447 955 2466 978 1

248 1023 366 1097 lio
416 1019 684 1097 consule
719 1023 1024 1123 gestum..
1062 1051 1269 1126 quum
1311 1022 1477 1097 duos
1518 1034 1828 1101 exercitus
1871 1033 1943 1098 in
1978 1033 2326 1125 provincia

252 1124 615 1212 habuisset,
656 1155 865 1202 unum
896 1147 1256 1213 retentum,
1302 1154 1499 1229 quem
1536 1127 1778 1205 dimitti
1810 1132 2171 1230 oportebat,
2211 1136 2322 1204 cui
2418 1139 2426 1154 ‘

251 1236 338 1305 L.
364 1231 715 1306 Cornelius
740 1229 1097 1332 proconsul
1129 1229 1524 1331 praefuerat,
1572 1231 1750 1333 (ipse
1792 1241 1857 1306 ei
1888 1239 1965 1305 C.
1995 1234 2319 1308 Helvium
2427 1237 2436 1240 ‘

249 1355 639 1437 praetorem
671 1329 1020 1435 praefecit)
1048 1334 1363 1421 alterum,
1405 1363 1608 1437 quem
1644 1344 1717 1410 in
1762 1345 2174 1438 provinciam
2213 1336 2321 1410 ad·

255 1436 491 1527 duxit3
539 1459 754 1512 totum
786 1465 997 1539 prope
1022 1467 1282 1513 annum
1308 1439 1863 1514 Cremonenfibus
1906 1437 2321 1515 Placentinis-
2351 1508 2365 1521 ,

255 1570 387 1646 que
419 1539 733 1643 cogendis
762 1540 973 1616 redire
1001 1551 1076 1615 in
1102 1544 1444 1629 coloniae„
1485 1542 1660 1617 unde
1690 1545 1843 1618 beni
1874 1544 2117 1617 casibus
2151 1544 2321 1620 diffi-

252 1654 391 1747 pati
429 1667 647 1732 erant,
689 1643 1063 1721 consumsst.
1179 1643 1769 1746 Qemadmodum
1811 1649 2024 1722 Gallia
2067 1671 2319 1748 praeter

181 1774 193 1780 ·
257 1748 445 1851 spem
469 1757 691 1852 quieta
719 1777 802 1823 eo
829 1777 1006 1824 anno
1033 1745 1194 1835 fuit,
1235 1758 1323 1824 ita
1350 1757 1519 1824 circa
1546 1754 1779 1825 urbem
1812 1749 2058 1824 servilis
2103 1778 2318 1852 prope

258 1855 574 1928 tumultus
600 1861 907 1928 excitatus
936 1853 1045 1928 est.
1147 1852 1420 1927 Obsides
1437 1854 2076 1956 Karthaginiensium
2106 1861 2316 1929 Setiae
2411 1903 2420 1910 -

255 1955 797 2032 custodiebantur.
872 1984 1027 2031 cum
1065 1963 1187 2044 iis,
1244 1980 1314 2031 ut
1350 1965 1732 2059 principum
1771 1961 2031 2046 liberis.,
2074 1986 2314 2060 magna

254 2069 353 2135 vis
378 2059 717 2134 strvorum
746 2082 896 2134 erat.
943 2063 1263 2160 augebant
1290 2088 1525 2137 eorum
1556 2091 1948 2146 numerum,
1986 2084 2058 2137 ut
2102 2067 2178 2137 ab
2220 2089 2315 2136 re-

253 2171 432 2240 centi
456 2161 691 2239 Africo
719 2163 934 2250 belle,
976 2187 1040 2239 et
1063 2167 1142 2238 ab
1172 2164 1323 2265 ipfis
1355 2171 1590 2238 Setinis
1631 2173 1878 2267 captiva
1916 2167 2166 2268 aliquot
2195 2192 2316 2262 ‹na-

248 2275 452 2344 tionis
497 2277 628 2366 ejus
673 2296 753 2342 ex
792 2265 1027 2371 praeda
1069 2289 1241 2341 emta
1283 2276 1634 2369 mancipia.
1754 2274 1981 2371 Qum
2022 2280 2315 2365 conjura·

246 2367 516 2449 tionem
559 2369 888 2458 fecissent,
936 2370 1141 2446 missis
1187 2400 1267 2444 ex
1311 2399 1394 2444 eo
1438 2400 1762 2458 numero,
1804 2381 1917 2473 qui
1963 2381 2039 2445 in
2080 2379 2310 2447 Setino

246 2504 453 2579 agre,
499 2474 738 2551 deinde
766 2485 934 2550 circa
962 2477 1260 2550 Norbam
1299 2498 1363 2547 et
1395 2481 1723 2571 Circejos.,
1773 2473 2028 2549 servitia
2067 2472 2322 2555 sollici-L

245 2601 503 2666 tarent3
540 2578 675 2654 satis
697 2590 831 2677 jam
867 2582 1180 2653 omnibus
1225 2586 1650 2679 praeparatis.,
1694 2578 1904 2684 indis„
1955 2587 2068 2680 qui
2103 2583 2311 2652 Setiae

242 2682 644 2787 propediem
685 2681 887 2758 futuri
931 2705 1147 2767 erant,
1200 2679 1573 2781 spec‘iaculo
1614 2690 1937 2758 intentum
1979 2683 2312 2783 populum

239 2785 522 2890 adgredi
561 2789 930 2887 statuerant:
974 2793 1139 2860 Setia
1176 2813 1295 2886 per
1337 2784 1606 2860 caedem
1650 2807 1715 2861 et
1752 2794 2170 2887 repentinum
2216 2807 2320 2859 tu·-

243 2894 541 2969 multnm
583 2915 799 2990 capta,
850 2892 1150 2965 Norbam
1194 2909 1256 2963 et
1296 2895 1590 2985 Circeios
1629 2916 1970 2992 occupare.
2089 2896 2304 2987 Hujus

239 3005 341 3071 rei
373 3018 508 3070 tam
536 2991 769 3069 foedae
797 2993 1118 3069 indicium
1161 2997 1453 3068 Romam
1498 2992 1581 3068 ad
1623 3000 1694 3069 L.
1728 2997 2128 3071 Cornelium
2160 2999 2312 3069 Me-

238 3103 467 3176 rulam
489 3119 858 3200 praetorem
888 3101 1063 3173 urbis
1096 3096 1388 3173 delatum
1415 3098 1527 3170 est.
1626 3103 1811 3175 Servi
1846 3097 1980 3174 duo
2025 3123 2175 3176 ente
2208 3099 2306 3174 lu·

238 3233 395 3279 cem
434 3203 520 3278 ad
557 3230 714 3277 eum
753 3223 1101 3285 venerunt,
1135 3221 1328 3304 atque
1374 3198 1611 3274 ordine
1651 3210 1921 3289 omnia,
1960 3230 2125 3305 quae
2163 3204 2314 3280 acia.

235 3306 587 3410 futuraque
631 3329 846 3394 erant,
896 3304 1349 3408 exposuerunt.
1467 3307 1718 3404 Qibus
1758 3304 1946 3379 domi
1987 3304 2304 3382 custodiri

234 3413 451 3510 inille,
508 3432 803 3512 praetor,
861 3408 1077 3484 senatu
1121 3429 1356 3484 vocato
1401 3404 1805 3509 edocstoque,
1854 3436 2017 3509 quae
2056 3405 2300 3480 indices

228 3514 609 3600 adferrent,
646 3511 975 3615 proficisci
998 3512 1082 3587 ad
1108 3540 1255 3586 eam
1288 3518 1813 3605 conjurationem
1859 3507 2298 3612 quaerendam

232 3644 443 3725 atque
467 3616 984 3721 obprimendam
1014 3614 1241 3714 irrisus,
1282 3643 1439 3689 cum
1482 3622 1775 3716 quinque
1816 3613 2042 3714 legatis
2073 3608 2297 3713 profe·

230 3728 413 3811 etus,
451 3726 687 3799 obvios
715 3732 789 3798 in
816 3730 984 3823 agris
1008 3718 1417 3795 sacramento
1449 3739 1708 3818 rogatos
1747 3742 1926 3791 arma
1969 3742 2198 3818 capere
2233 3736 2299 3790 et

227 3828 418 3933 sequi
444 3829 740 3930 cogebat.
841 3832 1000 3901 Hoc
1026 3825 1457 3899 tumultuario
1498 3820 1753 3897 delec‘iu
1797 3820 2052 3907 duobus
2094 3819 2304 3893 milli·

232 3936 356 4008 bus
395 3929 614 4006 ferme
654 3936 1021 4005 hominum
1058 3935 1356 4013 armatiS,
1416 3930 1693 4014 Setiam,
1753 3928 2097 4009 omnibus,
2157 3949 2294 4023 quo

226 4056 574 4140 pergeret‚
624 4041 904 4136 ignaris,
956 4040 1150 4111 venit.
1204 4032 1303 4109 ibi·
1341 4036 1579 4130 raptim
1619 4030 2024 4134 principibus
2069 4034 2292 4122 conju·
2353 4128 2372 4137 ,

344 4157 411 4223 T.
443 4156 581 4224 [Aa.
612 4155 690 4222 P.
719 4155 801 4220 ll
1398 4137 1455 4209 B
1473 4134 1513 4205 b
2101 4136 2295 4209 ratio·
