2732 4671
393 238 529 304 ¹16
876 259 1007 281 ··
1180 249 1253 300 τ.
1357 232 1703 299 ιινίι

394 424 753 492 exercitum
783 412 1079 490 sumeret.
1229 414 1572 494 Relictam
1618 442 1655 486 a
1682 412 1948 506 consule
1980 424 2340 490 exercitum
2386 422 2496 520 Q

395 523 661 606 Fulvius
689 516 1428 622 proconsul-acciperem
1486 526 1690 631 eiqu‘i.
1710 526 1784 592 in
1824 548 2074 592 annum
2116 528 2472 621 imperium

395 622 567 700 effet.
615 646 677 698 et
709 632 785 700 C.
815 624 1151 708 Hostilio.
1195 632 1301 696 cui
1334 650 1460 722 pro
1490 628 1752 696 Etruria
1782 628 2158 696 Tarentum
2184 646 2476 709 murav-

393 752 539 804 rant
565 736 1019 830 provinciam.
1065 754 1187 826 pro
1219 732 1520 800 Tarento
1564 732 1860 826 Capuam
1902 750 2334 802 mutaverunt.
2388 730 2478 824 le·
2586 788 2590 800 .

395 842 513 934 gio
563 862 693 906 una
721 832 862 906 data
881 888 899 917 ‚
941 831 1047 904 cui
1077 832 1343 922 Fulvius
1369 838 1686 930 proximo
1722 858 1898 904 anno
1924 828 2300 930 praefuerat.

539 940 829 1012 XXXVI.
877 942 981 1008 De
1013 932 1436 1008 Hasdrubalis}
1464 934 1746 1008 adventu
1794 944 1868 1008 in
1908 936 2162 1008 Italiam
2208 966 2360 1018 cura
2404 944 2478 1010 in.

395 1038 533 1114 dies
567 1038 899 1116 crescebat.
1003 1036 1508 1112 Masfilienfium
1546 1048 1844 1140 primum
1888 1040 2084 1138 legati
2126 1050 2474 1113 nunciave-

391 1166 575 1232 rant,
617 1172 771 1218 eum
799 1151 873 1216 in
907 1142 1191 1216 Galliam
1245 1142 1710 1242 trangresshm:
1774 1142 2150 1244 erediosque
2194 1146 2476 1218 adventu

393 1256 563 1344 eiua,
627 1256 781 1351 quia
829 1274 1151 1346 magnum
1193 1246 1454 1346 pondus
1492 1256 1630 1320 auri
1682 1246 1972 1320 adtulisse
2032 1250 2352 1320 diceretur
2394 1248 2476 1322 ad

391 1352 701 1426 mercede
737 1352 983 1426 auxilia
1027 1348 1498 1436 conducenda.
1558 1352 1902 1424 Gallorum
1942 1358 2222 1424 animos.
2302 1352 2480 1426 miffi.

389 1454 627 1528 deinde
677 1486 829 1530 cum
871 1460 951 1528 iis
993 1454 1189 1554 legati
1237 1458 1315 1528 ab
1373 1460 1594 1528 Roma
1652 1460 1796 1526 Sex.
1902 1456 2216 1530 Antistius
2260 1482 2322 1530 et
2370 1462 2472 1530 M.

389 1564 675 1634 Raecius
735 1570 811 1654 Ε)
867 1554 949 1632 ad
991 1588 1135 1630 rem
1179 1557 1660 1658 inspiciendam
1702 1558 2088 1644 retulerant,
2128 1558 2362 1632 mififfe
2404 1558 2474 1632 se

399 1691 559 1738 cum
619 1662 1129 1738 Maffilienfibus
1185 1658 1492 1746 ducihm,
1548 1668 1660 1760 qui
1706 1688 1822 1760 per
1876 1660 2158 1760 hospites
2212 1692 2472 1746 eorum,

389 1774 721 1870 principes
769 1768 1155 1852 Gallorum.
1215 1770 1446 1838 omnia
1488 1766 1818 1864 explorata
1860 1760 2192 1836 referrent.
2338 1772 2470 1838 Pro

389 1890 739 1972 comperto
771 1872 1041 1956 habere.
1084 1866 1568 1944 Hasdrubalem
1594 1874 1844 1968 ingenti
1872 1878 2006 1964 jam
2036 1872 2266 1940 coaclo
2298 1896 2474 1940 exer-

389 1982 517 2048 citu
550 1978 869 2074 proximo
889 2002 1037 2046 vere
1057 1974 1257 2074 Alpes
1279 1974 1728 2066 trajestnrum:
1774 2002 1898 2044 nec
1924 1996 2066 2044 tum
2096 2002 2248 2046 eum
2286 1972 2472 2074 quid·
2560 1996 2567 2007 '

334 2161 338 2165 ⁸
433 2106 587 2151 uam
627 2074 807 2150 aliud
849 2082 1133 2175 morari.
1195 2072 1317 2148 nifi
1369 2074 1554 2176 quod
1602 2072 1846 2148 clausae
1880 2080 2106 2148 hieme
2138 2078 2340 2176 Alpes
2386 2074 2472 2148 eli

385 2102 543 2256 pent.
649 2186 727 2254 In
755 2180 985 2254 locum
1019 2186 1123 2254 M.
1141 2182 1452 2254 Marcelli
1480 2186 1548 2252 P.
1584 2182 1808 2252 Aelius
1826 2188 2050 2254 Paetus
2081 2206 2286 2283 augur
2306 2208 2484 2252 crea--

385 2305 487 2361 tus
535 2285 1130 2389 inauguratusque:
1173 2305 1235 2359 et
1279 2293 1407 2359 Cn.
1464 2286 1818 2359 Cornelius
1848 2287 2194 2359 Dolabella
2226 2315 2334 2359 rex
2380 2283 2470 2357 sa-

387 2413 657 2467 crorum
703 2391 1243 2491 inauguratus-est
1285 2397 1357 2463 in
1395 2389 1630 2465 locum
1656 2395 1758 2463 M.
1790 2395 2070 2475 Marcii.
2124 2395 2238 2491 qui
2289 2395 2470 2463 bien-

385 2504 505 2571 nio
535 2513 681 2569 ante
713 2517 1013 2569 mortuus
1037 2517 1187 2569 erat.
1243 2497 1403 2567 Hoc
1436 2495 1676 2567 eodem
1706 2523 1884 2567 anno
1918 2515 1978 2565 et
2004 2495 2278 2567 lustrum
2310 2523 2468 2567 con-

385 2597 603 2673 ditum
651 2599 741 2669 est
783 2627 817 2669 a
861 2597 1237 2673 censoribus
1283 2603 1349 2667 P.
1393 2605 1792 2695 Sempronio
1850 2597 2194 2669 Tuditano
2242 2621 2302 2669 et
2362 2605 2470 2673 M.

385 2703 711 2777 Cornelio
747 2705 1069 2803 Cethego.
1171 2697 1379 2771 Censa
1411 2705 1662 2771 civium
1692 2705 1900 2797 capita
1930 2721 2194 2769 centum
2240 2709 2470 2799 trigin-

383 2827 449 2879 ta
487 2803 733 2907 septem
779 2807 1027 2889 millia,
1087 2823 1353 2875 centum
1393 2801 1463 2873 et'
1494 2805 1670 2873 ueto.
1724 2809 1952 2873 minor
1984 2803 2314 2901 aliquanto
2344 2833 2466 2877 nu—

385 2937 627 2993 metue,
661 2935 859 3009 quam
887 2913 1003 3007 qui
1033 2927 1178 2977 ante
1205 2905 1460 2979 bellum
1486 2901 1712 2977 fuerat.
1814 2913 1916 2977 Eo
1946 2933 2120 2981 anno
2142 2915 2466 3005 primum,

387 3041 469 3085 ex
515 3037 647 3113 quo
687 3011 1027 3083 Hannibal
1065 3017 1139 3081 in
1179 3009 1436 3083 Italiam
1478 3007 1782 3091 venisset,
1826 3017 2180 3083 comitium
2210 3009 2462 3087 tec‘luni

383 3111 551 3201 esse,
595 3123 963 3187 memoriae
997 3113 1333 3215 proditum
1379 3109 1504 3199 est,
1554 3135 1616 3185 et
1658 3111 1852 3185 ludos
1880 3119 2234 3189 Romanos.
2254 3113 2462 3191 semel

381 3219 767 3294 instauratos
795 3220 875 3291 ab
905 3217 1221 3291 aedilibus
1257 3219 1588 3291 curulibus
1616 3219 2018 3319 QMetello
2050 3241 2112 3293 et
2142 3225 2218 3293 C.
2248 3227 2463 3295 Servi-

381 3323 501 3397 lio.
543 3343 607 3397 et
635 3323 905 3423 plebeiis
935 3321 1109 3397 ludis
1139 3321 1415 3395 biduum
1442 3323 1866 3395 instauratum
1896 3329 1972 3399 ab
2004 3331 2098 3425 Q
2130 3329 2460 3401 Mamilio

383 3449 447 3499 et
473 3431 575 3501 M.
619 3429 919 3503 ‘Caecilio
967 3427 1249 3501 Metello
1295 3425 1614 3503 aedilibus
1646 3429 1874 3525 plebis.
1926 3451 1988 3501 et
2020 3439 2136 3503 tria
2164 3429 2342 3529 signa
2378 3431 2468 3505 ad.

383 3527 641 3625 Cereris
683 3530 893 3607 iidem
949 3531 1021 3629 ιι)
1077 3529 1432 3605 dederunt:
1488 3553 1550 3605 et
1580 3537 1763 3623 Jovis
1811 3535 2082 3633 epulum
2118 3529 2244 3605 fuit
2266 3535 2466 3621 ludo-e

383 3661 537 3709 rum
565 3633 791 3707 causta.
897 3633 1325 3709 Consulatum
1355 3633 1510 3709 inde
1540 3643 1771 3709 ineunt
1800 3643 1876 3711 C.
1922 3637 2230 3711 Claudius
2272 3645 2462 3713 Nero

381 3757 445 3811 et
481 3743 583 3813 M.
629 3743 851 3821 Livius
883 3747 1145 3813 iterum.
1197 3749 1345 3841 qui,
1397 3731 1712 3841 quiajan'1
1742 3739 2050 3841 designati
2082 3751 2464 3841 provincias

381 3841 591 3917 sortiti
619 3853 833 3931 erant,
869 3864 1197 3943 praetores
1227 3843 1440 3917 sortiri
1470 3843 1790 3939 jusserunt.
1896 3851 1972 3919 C.
2006 3847 2308 3921 Hostilio
2352 3869 2478 3921 ur-'

381 3937 549 4019 Bana
593 3955 845 4021 evenit:
907 3945 1125 4021 addita
1167 3969 1227 4021 et
1263 3955 1646 4053 peregrina}
1706 3969 1774 4021 ut
1806 3973 1928 4025 tres
1979 3957 2052 4023 in
2084 3960 2464 4053 provincias

1259 4077 1267 4088 '
2266 4063 2450 4129 exire

445 4175 534 4249 ς)
560 4177 731 4235 Retins
768 4182 934 4236 Gron.
963 4184 1109 4237 επεν.
1168 4213 1176 4232 ι
1443 4183 1517 4255 h)
1548 4184 1698 4244 eidem
1737 4187 2084 4243 Gremcrev.
