2732 4671
470 98 482 138 l

294 241 527 318 ‚542
1136 240 1213 291 τ.
1321 242 1685 303 ιιγιι

412 408 636 492 nabat,
696 413 998 507 inpetum
1041 403 1236 491 facit,
1287 425 1382 491 et,
1449 404 1760 480 transfixo
1799 407 2037 507 equ0,'
2067 423 2449 499 tyrannum·

365 435 680 584 deturbat.
793 518 1127 598 jacentem
1169 517 1410 612 equites
1450 507 1872 584 confodiunt.
1928 511 2154 583 multis
2196 505 2437 583 frustra

366 623 444 689 in
480 616 762 687 loricam
795 616 1030 687 ictibus
1055 612 1250 699 datis,
1295 610 1559 688 tandem
1604 622 1677 687 in
1707 612 1966 686 nudum
2009 623 2250 710 corpus
2294 614 2437 686 vul·

364 744 523 794 nera
561 739 1026 817 pervenerunt:
1066 738 1163 804 et,
1207 714 1576 820 priusquam
1602 747 1639 791 a
1667 716 1886 791 media
1927 725 2066 790 acie
2100 714 2436 791 subcurre-

371 844 582 905 retur,
623 819 982 922 exspiravit.
2062 837 2066 842 ’

512 930 804 999 XXXVI.
859 927 1302 1001 Alexamenus
1356 953 1513 999 cum
1569 927 1880 998 omnibus
1924 923 2176 997 Aetolis
2231 930 2436 997 citato

363 1027 573 1130 gradu
616 1027 698 1102 ad
740 1039 994 1129 regiam
1042 1028 1494 1128 occupandam
1533 1036 1766 1130 pergit.
1865 1034 2183 1128 Corporis
2221 1026 2436 1100 custo-

363 1132 518 1218 des,
558 1157 769 1234 quum
807 1161 908 1206 res
938 1142 1016 1207 in
1048 1134 1259 1212 oculis
1303 1153 1668 1232 gereretur,
1708 1158 1912 1233 pavor
1953 1140 2177 1233 primo
2230 1138 2436 1230 cepitt

369 1231 649 1321 deinde,
691 1237 838 1336 post
886 1265 1039 1311 uam
1062 1240 1236 1310 abire
1266 1237 1665 1314 Aetolorum
1690 1264 1931 1336 agmen
1969 1234 2227 1321 videre,
2274 1261 2436 1307 con·

370 1339 637 1413 currunt
668 1336 749 1413 ad
782 1267 1088 1416 relictum
1119 1348 1385 1435 tyranni
1419 1368 1690 1442 corpus:
1730 1360 1792 1413 et
1834 1338 2281 1439 specstatornm
2304 1360 2437 1411 tur·

367 1445 448 1514 ba
490 1470 570 1515 ex
614 1443 983 1517 custodibus
1018 1454 1181 1518 vitae
1237 1443 1601 1547 mortisque
1652 1445 1972 1518 ultoribus
2017 1443 2107 1515 est
2138 1443 2193 1539 ¹)
2240 1440 2434 1516 sach.

368 1551 512 1619 Nec
553 1544 855 1621 movisset
889 1546 955 1621 se
994 1546 1377 1650 quisquam,
1428 1547 1478 1621 fi
1525 1548 1890 1646 extemplO,
1940 1546 2167 1648 politis
2207 1554 2431 1632 armis,

365 1647 592 1723 vocata
615 1657 690 1726 in
718 1660 1119 1725 concionem
1153 1650 1509 1725 multitudo
1558 1649 1808 1737 fuiffet,
1855 1672 1917 1723 et
1958 1658 2170 1725 oratio
2216 1653 2436 1724 habita

365 1762 654 1855 tempori
716 1763 1148 1841 conveniens,
1217 1751 1591 1856 frequentes
1643 1755 1801 1830 inde
1843 1763 2069 1829 retenti
2116 1763 2187 1829 in
2229 1755 2432 1828 armis

370 1859 597 1952 Aetoli
618 1865 703 1954 ¹¹¹)
732 1858 870 1932 fine
899 1863 1132 1955 injuria
1156 1857 1550 1960 cujusquam.
1588 1856 1732 1945 sed,
1779 1879 1849 1932 ut
1879 1868 2174 1960 oportuit
2192 1867 2432 1933 incon·

365 1958 515 2034 filio
555 1957 780 2034 fraude
826 1986 1099 2064 coeptO,
1169 1971 1402 2036 omnia
1443 1970 1514 2035 in
1561 1961 2015 2037 maturandam
2059 1969 2430 2065 perniciem

363 2091 640 2150 eorum,
696 2073 811 2167 qui
865 2062 1186 2170 fecerant,
1245 2064 1392 2139 sunt
1443 2070 1601 2139 aeia.
1701 2071 1859 2139 Dux
1910 2076 2090 2168 regia
2142 2063 2427 2140 inclusus

365 2164 553 2240 diem
578 2197 653 2240 ac
674 2172 947 2243 noctem
975 2179 1049 2244 in
1075 2168 1433 2246 scrutandis
1464 2166 1772 2244 thesauris
1816 2180 2075 2264 tyranni
2121 2167 2427 2243 consum·

321 2275 324 2280 ’
364 2268 476 2345 fit:
529 2276 790 2375 Aetoli,
833 2275 1011 2349 velut
1047 2295 1225 2376 capta
1248 2278 1443 2360 urbe,
1482 2303 1680 2377 quam
1708 2270 2012 2349 'liberasse
2052 2273 2265 2349 videri
2308 2301 2427 2348 vo⁴

362 2375 620 2463 lebant,
669 2385 739 2452 in
778 2378 1086 2479 praedam
1129 2374 1310 2453 verfi'.
1401 2381 1618 2454 Simul
1660 2377 2012 2479 indignitas
2056 2387 2185 2465 rei,
2225 2376 2427 2453 simul

311 2484 324 2495 “
362 2500 772 2567 contemtus,
816 2492 1074 2558 animos
1111 2482 1650 2558 Lacedaemoniis
1688 2481 1770 2556 ad
1821 2482 2200 2557 co’e‘undum'
2247 2478 2423 2556 fecit.

363 2585 482 2657 nl-ii
521 2583 777 2668 dicere,
830 2587 1265 2665 exturbandos
1303 2588 1610 2673 AetOIOS,
1653 2610 1717 2659 et
1754 2588 2161 2672 libertatem,
2208 2614 2420 2689 quum

303 2711 316 2736 ·
361 2688 609 2761 restitui
653 2688 1016 2778 videretur,
1066 2701 1494 2793 interceptam
1530 2688 1967 2791 repetendam.
2022 2692 2174 2776 alii,
2213 2713 2286 2762 ut
2325 2720 2425 2763 ca·

349 2812 479 2891 *put
506 2791 791 2893 agendae
821 2804 915 2869 rei
946 2793 1131 2880 effer,
1177 2805 1348 2896 regii
1378 2803 1637 2896 generis
1681 2795 1973 2896 aliquem
2015 2800 2089 2869 in
2130 2793 2427 2895 speciem=

362 2890 864 2969 adsumendum.
987 2906 1345 2973 Laconicus
1390 2908 1520 2993 ejus
1564 2899 1776 2998 stirpis
1819 2920 1950 2973 erat
1988 2926 2156 2999 puer
2195 2896 2425 2970 admo«-

362 2994 562 3081 dum,
605 2997 908 3073 educatus
933 3031 1091 3075 cum
1130 3004 1351 3075 liberis
1390 3010 1675 3097 tyranni.
1724 3031 1878 3076 eum
1921 3011 1995 3076 in
2038 3028 2284 3105 equum
2324 3010 2422 3074 in⁸

357 3122 654 3200 ponunt,
714 3124 811 3188 et,
864 3113 1062 3178 armis
1109 3103 1423 3207 adreptiS,
1464 3107 1738 3180 Aetolos
1779 3134 1979 3207 vagos
2024 3132 2139 3207 pet
2184 3109 2443 3183 urbem-

361 3200 656 3277 caedunt.
747 3207 940 3282 Tum
969 3218 1219 3310 regiam
1251 3208 1582 3285 invadunt.
1628 3214 1723 3284 ibi
1743 3208 2246 3308 ‚Alexamenum
2263 3238 2421 3283 cum

355 3314 579 3408 paucis
606 3301 1001 3385 resistentem
1032 3317 1438 3401 obtruncant.
1526 3314 1748 3389 Aetoli
1779 3323 1946 3388 circa
1962 3315 2423 3388 Chalcioecon

359 3412 745 3501 (Minervae
777 3417 871 3488 est
901 3421 1235 3519 templum
1273 3428 1579 3515 aereum)
1623 3427 1996 3520 congregati
2042 3415 2420 3503 caeduntnn

357 3522 591 3604 Pauci,
631 3525 831 3594 armis
858 3526 1155 3620 abjedtis,
1189 3552 1337 3625 pars
1363 3529 1704 3625 Tegeam,
1746 3551 1888 3623 pars
1919 3520 2419 3622 Megalopolim

356 3618 756 3722 perfugiunt.
808 3628 943 3713 ibi,
1007 3623 1475 3730 comprehenfi
1519 3657 1557 3702 a
1600 3628 2123 3735 magistratibuS,
2150 3622 2268 3698 sub
2309 3652 2420 3698 co·

360 3749 529 3805 rona
563 3750 918 3803 venierunt.

425 4032 490 4104 ι)
521 4035 590 4098 «ρ
618 4033 720 4090 «ιιι.
764 4035 920 4090 oran.
939 3990 1078 4090 σφω’.
1486 4033 1579 4104 m)
1605 3998 1957 4104 frequentina?
1983 4035 2020 4088 ε.
2063 4035 2265 4090 meam
2299 4033 2337 4091 ι.
2359 4046 2407 4092 ι

523 4136 528 4143 τ
613 4126 626 4137 ·
1422 4105 1613 4159 Aetolis
1652 4107 1817 4160 Gron.
1841 4107 1998 4175 Crev.

1905 4350 1937 4401 1:
