2732 4671
793 274 986 321 trn.
1042 270 1266 322 xxix
1371 246 1600 323 cavi
1661 277 1956 326 xxxvi
2206 262 2370 347 =224¹!
2458 316 2466 325 .

322 386 337 417 x
1743 416 1748 425 ,
1985 386 1998 393 -
2191 388 2198 407 1

303 435 399 513 est
433 433 758 512 admotus.
876 439 1252 511 Tormenta
1293 436 1750 541 machinasque
1792 461 1855 513 et
1892 439 2234 515 advexerat
2273 438 2365 515 se-

294 570 491 629 cum,
533 562 600 616 et
624 569 706 614 ex
735 539 1175 615 Sicilia-missa
1206 569 1357 614 cum
1392 544 1866 616 commeatibus
1907 564 2115 617 erant:
2149 567 2213 617 et
2242 572 2362 617 no-

287 654 463 720 vain
495 636 1027 730 armamentariO,
1079 645 1302 719 multis
1332 646 1566 719 talium
1584 672 1863 747 operum
1893 648 2243 721 artificibus
2272 646 2358 721 de

285 749 613 824 industria
659 746 960 832 inclufi8‚
1003 747 1262 823 fiebant.
1392 748 1805 824 Uticenfibus
1847 772 2016 826 tanta
2060 749 2355 853 undique

262 855 490 927 'mole
536 849 953 927 circumsessis
998 859 1070 926 in
1111 852 1634 961 Karthaginienfi
1673 857 1967 956 popule,
2022 860 2358 955 Karthagi-

198 1006 203 1011 ·
284 956 634 1031 nienfibus
672 963 742 1031 in
783 954 1199 1055 Hasdrubale¹
1232 964 1350 1041 ita,
1419 955 1468 1029 ss
1519 965 1573 1030 is
1615 954 1923 1032 moviffet
1956 960 2380 1058 Syphacem‚'

284 1059 336 1137 s
368 1089 444 1136 es
474 1068 693 1138 omnis
724 1082 873 1132 erat.
923 1057 1032 1133 sed
1062 1058 1384 1135 desiderio
1413 1060 1858 1162 indigentium
1890 1064 2201 1159 auxilii')
2236 1081 2359 1139 tar·
2392 1094 2408 1112 ⁸

289 1091 448 1239 (Iius
484 1165 714 1239 cuntsta
756 1167 1202 1238 movebantur.
1304 1161 1706 1251 Hasdrubal,
1727 1164 2160 1245 intentiffima
2200 1170 2359 1238 con·
2440 1224 2448 1243 ,

286 1266 643 1375 quifitione
671 1294 876 1371 quum
907 1266 995 1340 ad
1016 1275 1275 1367 triginta
1302 1269 1512 1342 millia
1537 1268 1856 1374 peditum,
1902 1277 2021 1344 tria
2049 1277 2354 1372 equitum

284 1367 705 1457 confecisset,
752 1397 892 1444 non
932 1394 1155 1451 tamen
1200 1364 1346 1449 ante
1392 1369 1744 1453 adventum
1790 1379 2110 1480 Syphacis
2152 1372 2355 1447 castra

285 1483 571 1578 propius
605 1473 867 1547 hostem
899 1501 1172 1549 movere
1216 1475 1311 1554 est
1350 1472 1547 1551 ausus,
1651 1481 1920 1577 Syphax
1962 1492 2115 1551 cum
2163 1483 2354 1581 quin·

287 1587 601 1685 quaginta
647 1577 939 1657 millibus
992 1576 1325 1685 peditum,
1414 1577 1648 1657 decem
1701 1590 1993 1682 equitum
2043 1578 2368 1661 advenit:

292 1679 783 1783 confestimque
811 1689 1010 1755 motis
1050 1686 1129 1756 ab
1168 1688 1566 1784 Karthagine
1602 1683 1848 1773 castris,
1895 1683 2070 1759 haud
2108 1683 2351 1784 procul

287 1791 479 1865 Utica
507 1782 1119 1887 munitionibusque
1148 1792 1471 1863 Romanis
1500 1785 1810 1866 consedit.
1911 1793 2216 1887 Qorum
2244 1785 2354 1861 ad·
2425 1828 2430 1833 ·

292 1912 517 1964 ventus
544 1896 682 1964 hoc
716 1904 937 1963 tamen
967 1899 1296 1967 momenti
1325 1889 1516 1977 fecit,
1556 1912 1625 1963 ut
1654 1896 1919 1993 Scipio,
1962 1918 2352 1995 quum-qua·

294 1992 401 2067 dra
454 2004 587 2067 inta
619 1989 836 2067 ferme
865 1992 1004 2066 dies
1031 1993 1477 2096 nequidquam
1516 2003 1746 2071 omnia
1789 2000 2127 2097 experiens
2167 1991 2351 2070 obse·

297 2095 360 2169 d’
419 2118 481 2179 et
504 2102 808 2186 Uticam,
852 2094 1215 2172 abscederet
1240 2097 1394 2179 inde
1419 2096 1610 2180 irrito
1638 2106 1923 2201 incepto:
1975 2107 2126 2195 et²)
2169 2099 2347 2196 (jam

305 2207 486 2273 enim
519 2206 735 2276 hiems
780 2200 1088 2297 instabat)
1149 2202 1346 2279 castra
1406 2205 1681 2282 hiberna
1733 2209 1809 2275 in
1858 2210 2353 2302 promontorio,

305 2301 483 2406 quod
498 2311 685 2378 tenui
706 2311 864 2406 jugo
893 2313 1255 2384 continenti
1288 2303 1642 2382 adhaerens
1667 2313 1759 2383 -in
1787 2306 2194 2414 aliquantum1
2218 2330 2355 2377 ma-

300 2416 395 2481 ris
432 2406 704 2509 spatium
747 2409 1149 2493 extenditur,
1202 2416 1612 2488 communitz
1652 2435 1790 2481 uno
1835 2409 2012 2481 vallo
2060 2430 2122 2479 et
2165 2427 2355 2481 nava·

304 2514 393 2585 lia
406 2521 479 2610 Υ)
505 2512 711 2585 castra
722 2515 1153 2612 amplectitur.
1196 2521 1354 2615 jugo
1380 2509 1608 2585 medio
1635 2513 1983 2612 legionum
2014 2512 2231 2588 castris
2256 2520 2357 2584 in·

296 2614 564 2717 positia,
599 2616 748 2691 litun
786 2614 870 2689 ad
916 2613 1433 2718 septentrionem
1473 2612 1732 2696 versum
1778 2611 2123 2690 subductae
2163 2637 2357 2688 naves

296 2716 684 2824 navalesque
719 2716 883 2793 socii
927 2723 1257 2794 tenebant:
1311 2715 1744 2801 meridianam
1794 2721 2038 2793 vallem
2081 2717 2162 2792 ad
2205 2719 2360 2791 alte·

293 2852 440 2899 rum
467 2821 977 2900 litus-devexam
1008 2832 1342 2925 equitatus.
1448 2829 1634 2902 Haec
1664 2831 1738 2904 in
1764 2819 1992 2898 Africa
2035 2820 2234 2926 usque
2273 2818 2359 2896 ad

292 2915 666 3004 exn-eninm
694 2935 991 3002 autumni
1019 2928 1207 3028 gesta,

300 3077 313 3088 ‘
432 3065 736 3159 XXXVI.
792 3070 1050 3139 Praeter
1101 3066 1498 3140 convectum
1553 3061 1843 3165 undique
1896 3090 1978 3136 ex
2031 3063 2377 3166 populatis·

298 3162 464 3242 circa
490 3175 667 3269 agris
694 3163 1148 3253 frumentum,
1193 3164 1726 3268 commeatusque
1768 3194 1847 3240 ex
1897 3169 2122 3242 Sicilia
2166 3187 2359 3267 atque

298 3263 478 3347 ltalia
500 3271 844 3357 advectos,
884 3277 1014 3344 Cn.
1047 3272 1359 3349 octavius
1403 3290 1786 3371 propraetor
1827 3297 1907 3342 ex
1944 3269 2234 3343 Sardinia
2278 3270 2359 3341 ab

302 3375 419 3446 Ti.
447 3373 739 3450 Claudio
768 3397 1106 3475 praetore,
1148 3382 1326 3471 cujus
1354 3401 1426 3450 ea
1453 3380 1797 3475 provincia
1829 3395 1981 3458 erat,
2021 3378 2363 3471 ingentem

306 3481 447 3551 vim
471 3475 791 3553 frumenti
817 3477 1106 3553 advexit:
1160 3482 1525 3580 horreaque
1559 3504 1702 3552 non
1742 3472 1997 3559 solum,
2028 3501 2192 3577 quae
2231 3479 2366 3568 jam

302 3573 476 3653 facia
510 3610 689 3657 erant
703 3637 741 3669 ‚-
787 3580 1065 3684 repleta,
1124 3577 1232 3654 sed
1271 3608 1445 3657 nova
1484 3578 1830 3654 aedificata.
1863 3651 1873 3663 ,
1958 3577 2368 3650 Vestimenta
2403 3643 2406 3650 .

301 3673 602 3759 eicercitui
647 3686 930 3761 deerant.
975 3682 1047 3759 id
1088 3679 1473 3760 mandatum
1517 3686 1842 3768 Οέὶανίο,
1881 3703 1950 3755 ut
1995 3711 2152 3758 cum
2191 3707 2370 3780 prae·

299 3780 441 3863 t'ore
466 3814 726 3894 ageret,
777 3789 828 3862 fi
857 3789 1018 3892 quid
1045 3815 1126 3862 ex
1154 3816 1227 3864 ea
1274 3794 1618 3890 provincia
1661 3793 2027 3888 comparari
2073 3815 2148 3858 ac
2192 3789 2371 3857 mitti

1324 3897 1487 3992 Q4
2143 3881 2373 3989 posset,

360 4062 435 4133 v)
474 4066 670 4117 auxilia
712 4066 880 4189 gon.
1270 4128 1281 4140 ο
1385 4057 1744 4141 parentheseos
1769 4056 1940 4130 tignis·

363 4135 436 4203 x)
475 4147 528 4188 et
572 4132 682 4188 del.
807 4150 889 4187 ou.
922 4134 1060 4186 cm.
1099 4127 1310 4186 subiens
1448 4128 1522 4201 y)
1557 4132 1806 4210 maltum
1846 4131 2012 4186 Gron-
2043 4128 2193 4182 Crev-
