2732 4671
779 215 1242 296 tin.xxx1
1315 211 1534 295 ‘cara
1587 247 1816 298 xv111
2186 236 2330 321 323

258 415 631 532 jutiffnque
664 411 810 486 aliis
846 412 958 486 alii
1003 410 1494 511 exprobrantes,
1547 409 1611 484 et
1647 408 2077 488 sacerdotibus
2118 424 2323 502 maxi-

258 547 402 603 me,
447 524 600 618 qui,
652 543 819 617 quos
852 514 933 587 ad
962 536 1250 588 mortem
1279 511 1718 600 devovissent,
1760 544 1996 592 eorum
2045 517 2324 597 deditio-

256 650 412 696 nem
441 629 757 694 vivorum
783 617 957 740 hoqi
984 615 1308 702 feciffe'nt,
1351 640 1616 718 repente
1647 647 1879 692 omnes
1926 615 2026 694 ad¹
2050 625 2324 704 caedem

256 735 627 824 conjugum
692 724 1183 823 liberorumque
1257 719 1715 809 discurrerent,
1766 721 1963 825 seque
2012 725 2135 826 ipfi
2200 753 2323 828 per

256 857 496 914 omnes
530 835 669 900 vias
692 827 855 900 lethi
880 827 1339 900 interficerent.
1445 826 1938 927 Obstupesatstus
1982 825 2330 912 eofurorec

253 945 431 1018 rex,
456 923 789 1030 subpreffit
814 937 1118 1030 inpetum
1144 931 1475 1002 militum:
1520 955 1616 1016 et,
1652 936 1944 1005 triduum
1957 933 2038 1027 se
2065 927 2161 1005 ‘ad
2188 961 2324 1010 mo·‚

253 1037 560 1122 riendum
592 1036 929 1131 Abydenis
959 1039 1154 1119 dare,
1206 1030 1388 1106 dixit.
1495 1038 1647 1208 Qu
1687 1031 1895 1134 spatio
1934 1035 2122 1134 plura
2163 1032 2323 1112 faci·⁴

257 1168 431 1216 nora
456 1145 528 1210 in
552 1134 617 1210 se
646 1141 796 1209 vic'ti
822 1135 1200 1223 ediderunt,
1246 1166 1446 1238 quam
1484 1145 1555 1210 in
1589 1138 1701 1211 esti
1737 1136 2074 1212 edidiffent
2117 1143 2322 1214 victo·
2379 1155 2398 1198 *-
2447 1161 2450 1166 ·

200 1323 205 1328 ,
254 1272 393 1317 res:
436 1269 592 1327 nec,
633 1239 755 1314 nist
784 1270 982 1342 quem
1011 1241 1272 1314 vincula
1302 1262 1409 1318 aut
1438 1241 1565 1313 alia
1602 1241 1928 1316 neceffitas
1966 1251 2145 1316 mori
2171 1271 2322 1343 pro·
2359 1325 2368 1333 ,

251 1350 505 1430 hibuit,
556 1343 897 1447 quisquam
928 1353 1109 1418 vivus
1135 1351 1205 1418 in
1231 1345 1617 1443 potestatem
1658 1354 1852 1419 venit.
1953 1348 2317 1458 Philippus,

253 1445 821 1551 inpositoAbydi
862 1446 1221 1548 praefidiO,
1290 1455 1363 1520 in
1399 1476 1681 1548 regnum
1725 1448 1932 1523 rediit.
2066 1456 2314 1554 Qum,

256 1556 433 1628 velut
471 1557 746 1652 Sagunti
789 1550 1549 1640 excidium-Hannibali,
1591 1551 1680 1636 fic
1708 1555 2023 1653 Philippo
2053 1553 2318 1648 Abyde-

259 1685 504 1732 norum
533 1654 748 1728 clades
778 1653 860 1732 ad
887 1661 1266 1728 Romanum
1295 1656 1549 1729 bellum
1569 1645 1831 1730 animos
1855 1655 2123 1741 feciffet,
2150 1687 2317 1732 nun·

261 1769 346 1836 cii
389 1764 857 1845 obcurrerunt,
898 1757 1404 1853 consulemjam
1448 1768 1518 1832 in
1559 1765 1762 1858 Epiro
1806 1761 1966 1846 effe,
2009 1781 2071 1833 et
2115 1762 2321 1859 Apol·

208 1907 217 1916 ν
260 1867 513 1939 ioniam
543 1862 862 1936 terrestres
894 1870 1152 1961 copias,
1214 1865 1469 1937 navales
1513 1868 1883 1956 Corcyram
1929 1872 2001 1936 in
2042 1867 2318 1940 hiberna

256 1963 603 2044 deduxisse·
2331 2049 2336 2060 ἱ

298 2131 301 2136 .
404 2075 574 2145 XIX.
621 2075 795 2144 Inter
824 2073 985 2144 haec
1015 2067 1276 2171 legatiS,
1333 2076 1446 2172 qui
1482 2075 1556 2145 in
1580 2064 1878 2144 Africam
1915 2070 2086 2145 miffi
2134 2061 2316 2148 erant

248 2170 343 2246 ,de
370 2175 753 2247 Hamilcare
783 2176 1019 2248 Gallici
1061 2182 1378 2248 exercitus
1421 2173 1618 2258 duce,
1657 2171 2040 2272 responsum
2087 2204 2123 2246 a
2158 2182 2318 2249 Kar·
2376 2213 2380 2220 ·

259 2276 769 2377 thaginienfibus
797 2278 927 2365 est,
992 2280 1161 2355 nihil
1192 2279 1360 2364 ultra
1389 2274 1452 2349 se
1482 2273 1696 2349 facere
1740 2274 1959 2374 posse,
2006 2305 2205 2378 quam
2245 2298 2317 2351 ut

259 2381 497 2455 exfilio
524 2410 673 2455 eum
699 2382 1086 2465 multarent,
1132 2385 1431 2481 bonaque
1478 2387 1611 2474 ejus
1651 2380 2072 2476 publicarent.
2173 2387 2321 2453 Per·

255 2483 453 2585 fugas
478 2507 541 2556 et
566 2481 910 2585 fugitivOS,
959 2498 1125 2589 quos
1168 2483 1569 2585 inquirendo
1609 2481 1921 2581 vestigare
1958 2491 2317 2582 potuerint,

258 2586 636 2671 reddidisse:
675 2588 840 2663 etde
871 2619 947 2663 ea
977 2617 1048 2661 re
1079 2584 1381 2662 miffuros
1413 2587 1660 2685 legatos
1701 2590 2027 2669 Romam,
2069 2594 2176 2687 qui
2224 2583 2317 2660 se³

250 2700 440 2767 natui
473 2689 921 2768 satisfacerent.
1023 2697 1321 2765 Ducenta
1349 2691 1564 2764 millia
1607 2688 1916 2762 modium
1958 2697 2155 2763 tritici
2183 2694 2322 2764 Ro-

182 2868 187 2881 ,
258 2827 477 2885 mam,
518 2794 790 2870 ducenta
830 2794 913 2870 ad
960 2800 1317 2870 exercitum
1361 2804 1435 2868 in
1477 2791 1950 2867 Macedoniam
1988 2791 2320 2867 miserunt.

258 2901 422 2975 Inde
466 2908 540 2974 in
579 2899 974 2974 Numidiam
1016 2897 1099 2973 ad
1138 2927 1327 3000 reges
1365 2894 1652 3000 profecti
1689 2896 1908 2997 legati.
1959 2895 2136 2975 dona
2171 2896 2317 2972 data

255 3000 671 3090 Masinissae,
712 3002 1136 3105 mandataque
1171 3003 1357 3077 edita.
1465 3009 1729 3104 Equites
1772 3002 1961 3074 mille
1989 3001 2322 3076 Numidae

258 3110 507 3210 (quum
544 3106 678 3180 duo
712 3109 926 3181 millia
955 3106 1173 3202 daret)
1198 3114 1461 3206 accepti.
1510 3103 1643 3205 ipse
1671 3113 1745 3178 in
1773 3134 1967 3178 naves
1998 3113 2321 3205 inponen-

258 3211 379 3289 dos
429 3216 707 3287 curavit:
758 3234 826 3284 et
869 3240 1023 3285 cum
1067 3210 1360 3284 ducentis
1407 3210 1700 3284 millibus
1745 3207 2053 3281 modium
2086 3218 2321 3297 tritici,

255 3314 552 3389 ducentis
579 3313 845 3402 hordei,
887 3324 961 3390 in
990 3312 1470 3394 Macedoniam
1501 3312 1692 3415 milit.
1796 3315 2028 3383 Tertia
2075 3313 2321 3411 legatio

254 3416 340 3492 ad
384 3426 777 3499 Verminam
821 3439 968 3493 erat.
1085 3424 1179 3501 Is,
1227 3416 1309 3491 ad
1356 3425 1614 3515 primos
1654 3412 1822 3486 fines
1862 3420 2047 3512 regni
2091 3413 2321 3513 legatis

256 3525 531 3597 obviam
559 3521 954 3623 progressuS,
994 3545 1066 3596 ut
1104 3518 1456 3595 scriberent
1501 3519 1655 3620 ipsi,
1702 3542 1855 3618 quas
1899 3516 2175 3600 vellent,
2217 3544 2327 3615 pa-

256 3635 349 3701 cis
393 3626 849 3713 conditiones,
890 3623 1202 3727 permisit.
1321 3630 1619 3698 Omnem
1661 3642 1893 3721 pacem
1940 3620 2186 3709 bonam
2230 3628 2322 3715 ju·

254 3729 549 3834 fiamque
592 3728 741 3823 fore
783 3728 903 3803 fibi
944 3759 1098 3803 cum
1140 3730 1397 3831 populo
1437 3733 1769 3801 Romano.
1898 3727 2101 3798 Datae
2142 3723 2319 3823 leges

251 3844 465 3933 pacis,
512 3830 831 3937 iuffusque
878 3831 961 3910 ad
1001 3860 1148 3931 eam
1193 3821 1728 3910 confirmandam
1776 3834 2034 3904 mittere
2071 3827 2328 3929 legatos

249 3940 570 4018 Romam.

1278 4071 1468 4163 Xe,
2191 4060 2332 4157 XX

1515 4300 1532 4340 Ι
