2732 4671
409 231 561 306 514
1176 226 1249 278 τ.
1363 219 1777 277 ιινιικ

420 393 807 497 supplicatio
839 389 1085 467 indicia
1109 391 1236 477 est,
1286 412 1475 496 atflue
1502 393 1654 464 urbs
1688 390 1961 466 lustrata.
2061 387 2304 466 Iisdem
2342 391 2478 466 die·

420 503 540 574 bus
584 495 943 574 aediculam
971 499 1304 580 Vidioriae
1343 497 1670 596 VirginiS,
1731 511 1936 596 prope
1979 494 2214 569 aedem
2253 499 2486 570 visto·

425 611 593 687 riae,
666 606 768 676 M.
816 608 1080 677 Porcius
1123 606 1285 674 Cato
1328 595 1657 674 dedicavit
1709 602 1979 672 biennio
2030 601 2216 701 post,
2274 629 2482 702 quam

427 713 631 780 vovit.
731 703 994 778 Eodem
1023 729 1200 778 anno
1229 702 1572 778 coloniam
1598 708 1894 776 Latinam
1928 711 2003 776 in
2026 729 2258 803 agrum
2285 707 2483 776 Thu·

421 816 647 886 rinum
680 816 1030 902 triumviri⁶
1042 806 1450 881 deduxerunt
1478 813 1604 880 Cn.
1630 809 1921 881 Manlius
1939 805 2170 893 Vuls0,
2212 813 2284 880 L.
2303 813 2482 906 Apu·

426 913 580 986 stius
610 912 841 999 Fullo,
892 914 1225 1011 QAelius
1252 914 1563 1004 Tubero,
1610 918 1786 1005 cujus
1824 912 1974 1010 lege
2020 908 2481 990 deducebatur.

425 1025 551 1091 tria
585 1017 791 1091 millia
815 1015 1113 1116 peditum
1155 1025 1326 1101 iere,
1363 1021 1631 1088 trecenti
1673 1021 1949 1118 equites:
1989 1042 2301 1087 numerus
2346 1022 2480 1088 exi-

427 1149 591 1222 guus
618 1147 741 1220 pro
778 1128 968 1234 copia
997 1126 1157 1220 agri.
1253 1115 1431 1194 *Dari*
1448 1140 1715 1221 potuere
1742 1125 1985 1214 tricena
2011 1125 2229 1218 iugera
2272 1126 2346 1190 in
2372 1145 2481 1218 pe·

430 1223 632 1310 dites,
671 1220 985 1324 sexagena
1013 1231 1084 1296 in
1113 1230 1374 1325 equites,
1476 1220 1752 1322 Apustio
1785 1222 2088 1308 auclore,
2124 1225 2313 1294 tertia
2334 1249 2478 1324 pars

309 1413 322 1432 X
429 1334 570 1427 agri
616 1324 992 1402 demta‘est:
1043 1353 1178 1428 quo
1223 1325 1481 1426 postea,
1522 1324 1575 1398 fi
1618 1299 1892 1414 vemat,
1937 1351 2150 1399 novos
2196 1326 2480 1420 colonos

424 1428 781 1504 adscribere
814 1428 1090 1531 poffent.
1191 1437 1445 1504 Vicena
1478 1438 1699 1531 jugera
1737 1429 2017 1531 pediteS,
2068 1426 2480 1536 quadragena

426 1541 671 1635 equites
698 1555 1100 1633 acceperunt.
2062 1541 2065 1546 ’
2350 1545 2367 1612 g

565 1641 644 1711 X.
689 1644 768 1711 In
800 1646 972 1710 exitu
998 1645 1130 1734 jam
1158 1664 1366 1711 annus
1391 1658 1559 1722 erat,
1605 1657 1667 1709 et
1694 1639 1966 1709 ambitio
1994 1642 2225 1737 magiS,
2254 1664 2479 1737 ¹quam

425 1765 743 1844 umquam
769 1742 958 1828 alias,
1002 1737 1310 1813 exarserat
1339 1737 1780 1813 consularibus
1820 1747 2127 1813 comitiis.
2176 1742 2375 1813 multi
2415 1761 2481 1812 et

422 1866 722 1946 potentes
761 1849 1060 1945 petebant
1101 1849 1355 1942 patricii
1392 1843 1783 1944 plebejique:
1822 1847 1913 1916 ·P.
1960 1845 2307 1917 Cornelius
2350 1845 2478 1916 Cn.

421 1949 596 2022 filius
624 1954 880 2047 Scipio,
927 1952 1040 2047 qui
1064 1975 1142 2019 ex
1173 1944 1490 2046 Hispania
1521 1952 1863 2044 provincia
1889 1975 2096 2047 nuper
2137 1944 2480 2020 decesserat

423 2045 683 2151 magnis
727 2053 914 2124 rebus
952 2049 1179 2148 gestis,
1242 2072 1303 2122 et
1345 2055 1416 2122 L.
1462 2052 1808 2149 Qinc‘lius
1850 2049 2297 2137 Flamininus,
2362 2059 2480 2153 qui

422 2152 600 2227 claffi
643 2161 717 2228 in
765 2159 1034 2228 Graecia
1069 2148 1464 2255 praefuerat,
1504 2173 1567 2236 et
1613 2158 1738 2227 Cn.
1784 2155 2078 2228 Manlius
2116 2151 2367 2240 Vulso,
2403 2160 2480 2228 hi

422 2265 701 2361 patricii.
804 2257 1045 2355 Plebeji
1091 2276 1308 2343 autem
1354 2262 1432 2329 C.
1471 2258 1760 2344 LaeliuS,
1810 2262 1935 2330 Cn.
1968 2261 2351 2349 Domitius„
2398 2264 2477 2330 C.

421 2366 642 2441 Livius
684 2363 1035 2448 Salinator,
1105 2366 1231 2435 M’.
1273 2362 1544 2435 Acilius.
1624 2359 1733 2434 sed
1787 2370 2097 2436 onmium
2165 2362 2375 2436 oculi'
2406 2371 2475 2435 in

422 2469 818 2567 Qinc'tium
851 2465 1375 2566 Corneliumque
1404 2468 1705 2561 conjedti.
1767 2494 1922 2538 nam
1950 2486 2011 2538 et
2035 2473 2109 2538 in
2138 2471 2351 2539 unum
2380 2464 2477 2539 lo-

416 2599 577 2644 cum
609 2574 904 2670 petebant
930 2572 1129 2644 ambo
1156 2575 1429 2668 patricii,
1471 2590 1533 2640 et
1559 2577 1653 2641 rei
1684 2570 1980 2642 militaris
2010 2570 2226 2669 gloria
2253 2598 2478 2643 recens

419 2697 771 2776 utrumque
820 2670 1341 2748 commendabat.
1471 2677 1778 2745 Ceterum
1818 2695 1966 2747 ante
2009 2680 2241 2746 omnia
2282 2693 2475 2753 cern·

423 2804 583 2850 men
626 2775 1062 2851 accendebant
1101 2772 1325 2848 fratres
1366 2772 1901 2864 candidatorum,
1959 2773 2095 2851 duo
2138 2775 2476 2850 clariffimi

420 2887 636 2953 aetatis
672 2878 817 2953 suae
840 2888 1281 2981 imperatores.
1323 2886 1551 2973 major
1573 2880 1784 2979 gloria
1814 2888 1887 2954 in
1915 2885 2347 2981 Scipione⁰):
2392 2902 2475 2965 et,

420 3010 555 3084 quo
595 2992 840 3078 major,
895 2978 977 3055 eo
1024 2989 1301 3082 propior
1342 2981 1687 3058 invidiam.
1788 2987 2087 3083 Qinclii
2125 2991 2476 3068 recentior,

422 3106 496 3158 ut
535 3093 652 3185 ‘qui
690 3111 773 3158 eo
812 3111 988 3158 anno
1032 3081 1498 3185 triumphasset.
1641 3074 2037 3173 Accedebat,
2090 3085 2272 3188 quod
2317 3090 2479 3161 alter

420 3183 761 3261 decimum
787 3197 918 3285 jam
943 3215 1152 3290 prope
1180 3217 1430 3262 annum
1460 3188 1735 3265 affiduus
1761 3200 1836 3265 in
1865 3192 2070 3266 oculis
2105 3198 2483 3270 hominum.

337 3302 342 3307 “
417 3287 663 3379 fuerat3
760 3321 877 3366 uae
916 3320 1016 3366 res
1055 3299 1276 3365 minus
1317 3293 1639 3368 verendos
1675 3323 1953 3396 magnos
1996 3301 2304 3369 homines
2342 3291 2477 3401 ipsa

355 3448 356 3451 =
418 3391 697 3470 satietate
758 3406 912 3473 acit:
959 3394 1191 3471 consul
1219 3405 1461 3471 iterum
1488 3399 1636 3497 post
1650 3396 1986 3474 devictum
2001 3399 2475 3483 Hannibalem.

421 3497 782 3600 censorque
810 3498 1032 3575 fuerat.
1135 3508 1213 3573 In
1242 3504 1557 3602 Qinstio
1590 3529 1760 3577 nova
1806 3525 1868 3577 et
1906 3510 2192 3581 recentia
2241 3506 2475 3575 omnia

418 3600 504 3676 ad
536 3614 811 3704 gratiam
840 3616 1052 3679 erant‘:
1089 3607 1272 3679 nihil
1291 3634 1418 3678 nec
1443 3613 1715 3705 petierat
1740 3638 1778 3680 a
1805 3607 2059 3708 populo
2083 3605 2231 3706 post
2250 3614 2477 3679 trium·

412 3712 664 3807 phum,
709 3736 833 3781 nec
864 3708 1127 3808 adeptus
1156 3734 1324 3785 erat:
1349 3736 1488 3811 pro
1517 3712 1760 3806 fratre
1792 3738 2146 3810 germana,
2188 3738 2322 3785 non
2350 3736 2480 3802 pa·

413 3817 655 3898 truele,
677 3811 754 3909 fi
771 3830 990 3907 petere
1032 3814 1263 3908 aiebat:
1295 3839 1427 3906 pro
1468 3817 1686 3911 legato
1724 3830 1790 3889 et
1820 3820 2158 3909 participe
2201 3816 2479 3888 admini-

387 3914 605 4009 strati
649 3921 815 3989 belli.
840 3916 932 4011 sc-
964 3932 1183 4002 terra,
1213 3919 1513 4012 fratrem
1558 3924 1730 3990 mari
1745 3973 1767 4003 ,
1811 3944 1946 3992 rem
1985 3916 2238 4019 gffffi.
2342 3920 2477 3989 His
2554 3956 2562 3962 ·

2308 4020 2477 4094 obti-

402 4146 432 4212 ἱ
472 4146 549 4218 ο)
585 4149 860 4217 Scipionis.-
893 4165 1189 4223 &qm-ep.
1222 4153 1445 4217 inuidiae
1473 4154 1643 4251 Gr*
1661 4155 1812 4210 Crev.
