2732 4671
870 210 1256 263 -trmxt-
1359 206 1915 260 cAr.xxx1v
2069 267 2076 271 ,
2263 200 2419 284 829

355 381 479 458 luti
505 376 652 452 fuit.
733 374 942 479 Sparfi
973 381 1156 449 enim
1183 393 1325 445 toto
1355 369 1589 472 paffim
1619 358 1856 475 campo
1889 370 1954 446 se
1980 369 2422 469 diffuderunt:

246 556 258 579 ,
357 514 486 558 nec
515 480 786 582 usquam
814 475 1148 555 confertos
1176 504 1288 549 eos
1316 474 1522 568 hostis
1570 474 2023 550 circumvenit.
2074 484 2297 553 tamen
2335 477 2418 554 ad

355 585 720 661 duodecim
765 584 981 661 millia
1025 578 1171 654 sunt
1212 577 1419 652 caesa:
1470 600 1650 678 capta
1686 582 1833 684 plus
1878 590 2168 684 quinque
2210 585 2422 657 millia

352 696 756 775 hominum,
802 695 951 789 equi
995 683 1484 790 quadringenti,
1524 682 1704 782 figna
1744 686 2057 758 militaria
2089 683 2419 787 sexaginta

356 793 514 867 duo.
619 799 752 891 Qi
788 794 975 891 palati
1003 818 1040 862 e
1064 786 1224 890 fuga
1254 790 1540 861 domum
1566 785 1634 860 se
1666 792 2098 887 recipiebant,
2138 791 2419 865 alterum

354 924 598 999 agmen
642 897 1132 969 Celtiberorum
1174 899 1642 984 venientium‚'
1683 890 2095 967 deditionem
2143 898 2421 967 Contre-

351 1006 498 1076 biae
526 1020 591 1072 et
615 996 1083 1074 suam'cladem
1130 993 1487 1079 narranda,
1528 1016 1912 1070 averterunt.
1965 999 2420 1099 extemploain

350 1115 533 1179 vicos
564 1102 947 1204 castellaque
978 1099 1088 1176 sua
1119 1127 1353 1175 omnes
1384 1096 1631 1197 dilapsi.
1736 1101 2036 1186 Flaccus.,
2076 1132 2115 1175 a
2143 1109 2422 1176 Contre-

349 1211 459 1282 bia
488 1203 842 1310 profectus,
870 1233 987 1305 per
1016 1206 1439 1279 Celtiberiam
1464 1229 1555 1303 po
1608 1203 1968 1279 ulabundus
2004 1202 2182 1279 ducit
2210 1205 2421 1306 legio·

350 1341 497 1387 nes:
545 1313 750 1385 multa
777 1310 1029 1383 castella
1060 1312 1501 1409 obpugnavit,
1544 1232 1762 1381 <fonce
1791 1316 2081 1383 maxima
2108 1338 2255 1413 pars
2272 1311 2423 1384 Cel·
2507 1320 2516 1327 ”

349 1420 717 1490 tiberorum
750 1421 822 1488 in
849 1412 1256 1487 deditionem
1289 1418 1482 1484 venit.
1687 1498 1692 1503 N

494 1523 780 1593 XXXIV.
827 1523 1014 1591 Haec
1053 1525 1126 1589 in
1167 1522 1470 1588 citeriore
1510 1510 1831 1615 Hispania
1877 1542 1959 1588 eo
2001 1544 2180 1590 anno
2222 1516 2418 1618 gesta.

347 1627 437 1697 Et
466 1629 540 1694 in
567 1624 909 1707 ulteriore,
952 1621 1247 1694 Manlius
1278 1639 1534 1719 praetor
1560 1615 1842 1691 secunda
1870 1618 2128 1722 aliquot
2170 1622 2416 1720 proelia

352 1755 511 1799 cum
536 1724 848 1799 Lusitanis
874 1721 1052 1797 fecit.
1154 1723 1453 1823 Aquileja
1485 1723 1749 1795 colonia
1777 1727 2003 1796 Latina
2032 1720 2286 1798 eodem‘
2307 1754 2418 1800 an·

350 1857 444 1903 no
488 1836 561 1902 in
600 1855 758 1933 agro
805 1828 1151 1902 Gallorum
1196 1827 1285 1898 est
1326 1823 1619 1899 deducta.
1683 1833 1812 1911 tria
1851 1826 2416 1929 millia-peditum
2495 1870 2498 1881 ι

398 1940 808 2035 uinquageua
849 1940 1102 2032 jugera,
1144 1935 1557 2003 centuriones
1600 1952 1908 2015 centena,
1958 1955 2226 2005 centena
2268 1958 2442 2034 qua·‚
2518 1963 2521 1968 ·

351 1962 635 2135 dragena
664 2043 906 2134 equites
938 2030 1634 2132 acceperuntsstresviri
1667 2030 2109 2124 deduxerunt,
2148 2041 2218 2111 P.
2252 2041 2420 2111 Cor-

350 2138 562 2212 nelius
604 2143 829 2236 Scipio
875 2134 1139 2221 Nasica,
1182 2141 1259 2207 C.
1311 2137 1710 2221 Flmiunius,
1760 2142 1828 2209 L.
1861 2140 2156 2214 Manlius
2198 2140 2418 2216 Acidi-

353 2270 501 2315 nus.
599 2239 810 2313 Aedes
847 2237 1008 2316 duae
1039 2266 1122 2311 eo
1166 2265 1343 2310 anno
1389 2237 1719 2312 dedicatae
1759 2237 1941 2312 sunt:
1984 2270 2114 2316 una
2139 2250 2416 2319 Veneris

350 2351 681 2439 Erycinae
709 2341 791 2419 ad
832 2364 1088 2444 portam
1108 2343 1511 2416 ‘Collinamz
1558 2340 1881 2417 dedicavit
1920 2349 1989 2419 L.
2034 2353 2299 2421 Porcius
2341 2354 2416 2424 L.

350 2455 423 2524 F.
454 2455 711 2522 Licinus
742 2446 1079 2550 duumvir..
1111 2449 1305 2536 (vota
1334 2468 1468 2520 erat
1498 2448 1577 2520 ab
1607 2445 1873 2523 consule
1902 2455 1972 2521 L.
2001 2455 2271 2537 Porcio,
2311 2459 2417 2528 Li-

347 2552 615 2654 gustino
644 2553 881 2646 belle.)
910 2551 1141 2636 altera,
1180 2557 1247 2623 in
1283 2547 1437 2623 foro
1469 2552 1775 2638 olitori0‚
1816 2557 2085 2627 Pietatis.
2127 2584 2269 2628 earn
2312 2584 2416 2631 ae-

350 2654 510 2730 dem
541 2654 865 2729 dedicavit
894 2661 1017 2729 Μ’.
1034 2655 1281 2728 Acilius
1309 2655 1583 2728 Glabrio
1611 2653 1959 2743 duumvir3
2012 2657 2414 2762 statuamque

347 2777 670 2845 auratam,
713 2787 875 2861 quae
907 2765 1119 2859 prima
1144 2767 1449 2833 omnium
1484 2767 1553 2832 in
1586 2760 1766 2833 Italia
1813 2760 2009 2834 statua
2051 2785 2262 2837 aurata
2300 2764 2427 2856 est⁹⁴

345 2871 514 2966 patri
547 2864 888 2937 Glabrioni
921 2860 1149 2965 posuit.
1251 2869 1310 2936 Is
1342 2885 1512 2949 erat,
1551 2871 1663 2964 qui
1694 2861 1828 2964 ipse
1857 2894 2002 2939 eam
2037 2866 2263 2941 aedem
2298 2897 2418 2943 vo-

310 2963 319 2966 *
348 2989 560 3053 verat,
656 2995 744 3040 uo
774 2966 882 3040 die
910 2996 1064 3046 cum
1092 2992 1242 3066 rege
1270 2974 1611 3042 Antiocho
1657 2966 1736 3041 ad
1764 2961 2264 3071 Thermopylas
2307 2974 2415 3054 de·

348 2996 721 3172 Ριιξξηελὶεὲῐε
770 3073 1225 3171 locaveratque
1274 3070 1454 3145 idem
1499 3101 1578 3146 ex
1619 3070 2185 3170 senatusconsulto
2287 3086 2412 3153 Per

349 3152 620 3248 eosdem
648 3174 783 3247 dies
804 3230 821 3260 ,
862 3178 1092 3277 quibus
1126 3179 1250 3247 hae
1277 3173 1462 3249 aedes
1494 3173 1825 3252 dedicatae
1865 3171 2064 3267 sunt.,‘
2085 3186 2154 3254 L.
2184 3187 2413 3258 Aemi-

344 3278 472 3354 lius
500 3279 754 3352 Paullus
797 3275 1150 3377 proconsul
1192 3305 1272 3350 ex
1315 3284 1664 3379 Liguribus
1704 3288 2010 3383 Ingaunis
2053 3295 2416 3388 triumpha-

346 3389 463 3456 vit.
564 3382 932 3456 Transtulit
972 3407 1248 3455 coronas
1289 3409 1505 3456 aureas
1543 3393 1835 3487 quinque
1878 3409 1941 3460 et
1984 3395 2235 3487 viginti.
2282 3420 2411 3466 nec
2466 3475 2472 3481 ‚

343 3507 674 3587 praeterea
704 3483 1065 3588 quidquam
1096 3490 1232 3557 auri
1274 3494 1654 3591 argentique
1689 3497 1759 3563 in
1803 3484 1885 3563 eo
1929 3498 2273 3594 triumpho
2319 3496 2413 3570 la-

346 3595 511 3663 tum.
561 3596 796 3690 captivi
829 3588 1021 3663 multi
1056 3593 1718 3693 principesLigurum
1746 3617 1893 3668 ante
1911 3625 2175 3671 currum
2209 3595 2415 3675 duffi-

342 3701 509 3772 aeris
539 3712 838 3766 trecenos
866 3694 1180 3767 militibus
1209 3690 1440 3765 divisit.
1544 3705 1888 3774 Auxerunt
1919 3710 2052 3797 ejus
2084 3709 2410 3803 triumphi

316 3791 595 3872 'famam
637 3798 831 3896 legati
874 3803 1227 3897 Ligurum,
1271 3824 1503 3895 pacem
1550 3824 1931 3901 perpetuam
1976 3827 2268 3880 orantes:
2310 3815 2411 3882 ita

315 3896 422 3974 'in
461 3907 744 3976 animum
789 3899 1104 4001 induxgffe
1143 3903 1488 4001 Ligurum
1520 3921 1815 4003 gentem,
1868 3913 2060 3983 nulla
2099 3936 2409 4008 umquam

495 4039 501 4045 ·
1701 4037 1704 4042 ·
2099 4106 2108 4122 ,
2192 4040 2416 4113 arma„¹
