2732 4671
423 221 579 303 382‘
898 299 906 309 ·
1186 225 1262 280 Τ.
1372 229 1733 290 ιινιι

422 406 613 500 rique
642 395 893 496 inligati
925 392 1234 494 Philippo
1278 410 1479 464 erant.
1583 392 1694 467 ob
1732 395 1892 466 haec
1923 385 2261 478 'concilim
2299 388 2489 492 quod

422 502 850 578 inclinaverat
881 497 961 572 ad
1009 503 1387 572 Romanam
1428 494 1803 568 societatem
1846 494 2228 593 jubendam.,
2272 491 2495 567 exc'es-

303 598 313 618 ’
424 603 675 688 serunt:
754 611 1068 703 veniaque
1114 608 1195 678 iis
1232 607 1424 695 hujus
1464 597 1833 696 seceffipnis
1896 596 2053 687 fuit,
2112 621 2182 672 et¹
2222 606 2494 699 magnis

429 731 496 784 et
514 710 879 783 recentibus
910 706 1217 804 obligatis
1247 703 1598 776 beneficii&
2077 749 2080 752 π

579 815 805 886 xxm.
859 816 1075 883 Ceteri
1097 808 1327 909 populi
1360 814 1804 896 Achaeorum,
1832 835 2043 908 quum
2074 802 2416 901 sententias
2423 815 2447 847 ¹
2463 807 2492 900 )

430 929 978 1016 perrogarentur‘‚
1024 910 1399 986 societatem
1429 940 1588 984 cum
1620 911 1952 984 Attaloac
1991 909 2274 985 Rhodiis
2311 937 2495 1009 prae·

426 1017 593 1093 senti
622 1021 884 1092 decreto
923 1017 1429 1091 confirmarunt:
1472 1043 1628 1089 cum
1667 1021 2024 1101 Romanis,
2069 1023 2218 1117 quia
2256 1010 2496 1109 injuss'u

427 1124 660 1225 populi
691 1145 832 1199 non
859 1139 1114 1222 poterat
1145 1142 1271 1194 rata
1298 1117 1457 1207 esse,
1489 1127 1578 1193 'in
1603 1118 1676 1193 id
1702 1141 1996 1219 tempus,
2040 1124 2494 1220 quoR01nam

433 1231 609 1301 mitti
634 1227 828 1326 legati
856 1221 1153 1325 possen&
1192 1221 1385 1297 dilata
1414 1224 1522 1296 est.
1560 1227 1634 1297 in
1669 1221 2035 1323 'praesentia
2072 1245 2199 1296 tres
2242 1224 2493 1322 legatos

428 1328 513 1406 ad
555 1335 623 1403 L.
681 1332 1083 1429 Qindtium·
1126 1336 1304 1402 mitti
1350 1329 1629 1427 placuit,
1676 1348 1738 1400 et
1796 1333 2152 1400 exercitum
2210 1349 2493 1401 omnem

430 1440 852 1508 Achaeorum
892 1432 972 1506 ad
1001 1438 1409 1506 Corinthum
1450 1431 1826 1519 admoveri5
1879 1438 2082 1532 captis
2110 1436 2494 1516 Cenchreis,

429 1545 568 1635 jam
618 1539 848 1609 urbem
890 1533 1098 1638 ipsam
1143 1538 1465 1635 Qincstio
1509 1538 1948 1635 obpugnante.
2051 1541 2134 1609 Et
2157 1541 2229 1609 hi
2252 1544 2312 1632 ⁵)
2357 1540 2494 1635 qui-

432 1640 593 1714 dem
638 1668 675 1713 e
701 1646 973 1740 regione
1017 1661 1278 1739 portae,
1327 1641 1496 1739 quae
1537 1636 1668 1711 fert
1705 1643 2103 1732 Sicyonem,
2140 1635 2494 1739 posuerunt

435 1744 652 1822 astra.
754 1748 1049 1817 Romani
1109 1742 1191 1816 ad
1246 1747 1616 1816 Cenchreas
1672 1739 1920 1815 versam
1981 1761 2238 1844 partem
2293 1744 2494 1828 urbi&

370 1845 379 1852 ⁶
433 1849 719 1932 Attalus,
782 1845 1081 1920 traducto
1121 1873 1238 1947 per
1277 1845 1604 1920 Isthmum
1641 1853 1960 1932 exercitu,
2034 1850 2111 1920 ab
2173 1851 2494 1931 Lechaeo,

431 1953 691 2026 alterius
718 1953 912 2023 maris
942 1972 1175 2049 portu,
1223 1951 1718 2050 obpugnabant3
1759 1953 1986 2050 primo
2022 1948 2314 2051 segnius,
2362 1945 2498 2049 spe·

430 2076 640 2132 rantes
671 2051 1067 2127 seditionem
1095 2061 1268 2127 intus
1298 2050 1444 2127 fore
1487 2063 1656 2128 inter
1699 2053 2070 2154 oppidanos
2117 2083 2192 2127 ac
2230 2061 2498 2154 regium

356 2197 361 2200 ·
434 2155 852 2261 praefidium.
924 2156 1269 2259 postquam
1310 2185 1449 2232 uno
1489 2165 1719 2231 animo
1763 2184 2032 2244 omnm,
2084 2180 2146 2232 et
2183 2154 2500 2232 Macedo·
2577 2171 2581 2174 “

433 2291 549 2339 nes
578 2282 914 2365 tamquam
946 2288 1384 2341 communem
1429 2270 1705 2362 patriam
1747 2264 2121 2348 tuebantur,
2166 2281 2231 2335 et
2259 2267 2504 2335 Corin·
2537 2351 2542 2357 ε

434 2375 562 2443 thii
590 2364 844 2440 ducem
935 2364 1185 2441 raefidii
1230 2366 1799 2452 Androsthenem,
1850 2360 2026 2440 haud
2070 2363 2250 2441 secus
2295 2388 2502 2469 quam

437 2480 659 2547 civem
689 2495 750 2546 et
778 2469 847 2544 su
904 2479 1090 2572 ragio
1123 2493 1408 2546 creatum
1449 2469 1605 2559 suo,
1649 2479 1934 2571 imperio
1975 2470 2138 2566 justo
2177 2474 2504 2573 patieban-

435 2600 577 2663 tur3
642 2583 866 2649 omnis
909 2574 1066 2649 inde
1107 2574 1243 2676 spes
1288 2577 1726 2693 pugnantibus
1769 2583 1842 2648 in
1888 2581 1989 2659 vi,
2058 2596 2120 2647 et
2162 2583 2395 2653 armis,
2437 2598 2504 2648 et

438 2683 746 2779 operibus
781 2699 945 2751 eran·
970 2676 1262 2781 undique
1290 2706 1552 2779 aggeres
1573 2677 1750 2751 haud
1777 2674 1961 2751 facili
1990 2676 2184 2753 aditu
2204 2677 2285 2751 ad
2316 2702 2504 2752 moe-

338 2798 346 2820 ³
439 2790 546 2857 nia
588 2778 1121 2855 admovebantur.
1228 2789 1414 2855 Aries
1454 2809 1534 2854 ex
1575 2809 1648 2855 ea
1693 2802 1908 2880 parte,
1961 2811 2160 2885 quam
2201 2784 2503 2856 R‘omani

438 2887 936 2987 obpugnabant‚
989 2886 1392 2986 aliquantum
1435 2893 1608 2959 muri
1658 2883 1978 2971 diruerat„
2044 2894 2117 2960 in
2157 2880 2375 2989 quern
2403 2888 2507 2960 lo·

438 3018 631 3072 cum,
684 2995 832 3088 quia
873 2985 1144 3061 nudatus
1188 2997 1611 3063 munimento
1652 3009 1822 3073 erat,
1882 2989 2364 3091 protegendum
2409 3018 2510 3063 ar-

437 3099 566 3166 mis
583 3119 786 3192 quum
804 3089 1204 3165 Macedones
1232 3092 1721 3179 concurriffent,
1755 3113 1944 3167 atrox
1973 3095 2308 3193 proelium
2329 3103 2511 3168 inter

434 3222 549 3269 eos
580 3224 656 3269 ac
682 3199 1027 3268 Romanos
1057 3216 1277 3270 ortum
1319 3198 1444 3292 est„
1531 3204 1632 3272 Ac
1671 3204 1896 3298 primo
1937 3197 2371 3272 multitudine
2412 3195 2510 3271 fa-

436 3301 564 3374 cile
591 3299 1081 3399 expellebantur
1108 3304 1437 3377 Romani:
1487 3300 1793 3383 adsumtis
1822 3297 2057 3375 'deinde
2072 3308 2533 3376 Achaeorum·

436 3402 768 3505 Attalique
821 3405 1119 3490 auxiliis,
1200 3405 1556 3509 aequabant
1615 3425 1981 3480 certamen:
2050 3434 2173 3480 nec
2216 3405 2510 3481 dubium

436 3529 629 3599 eran·
660 3510 819 3610 quin
885 3508 1286 3584 Macedonas
1339 3507 1743 3613 Graecosque
1796 3506 1989 3584 facile
2037 3511 2197 3584 loco
2252 3507 2511 3612 pulsuri

435 3606 698 3710 fuerint.
846 3611 1376 3714 Transfugarum
1431 3618 1813 3689 Italicorum
1860 3640 2103 3714 magna
2133 3613 2510 3689 multitudo

438 3738 605 3811 erat3
650 3743 795 3816 pars
828 3736 906 3788 ex
936 3716 1324 3792 Hannibalis
1355 3729 1639 3794 exercitu
1675 3739 1854 3791 metu
1894 3740 2150 3818 poenae
2190 3749 2228 3792 a
2255 3724 2542 3794 Roma?

439 3822 538 3895 nis
585 3818 966 3920 Philippum
1006 3820 1238 3910 secuti,
1283 3851 1427 3923 pars
1464 3823 1717 3898 navales
1761 3817 1960 3908 socii,
2001 3823 2243 3896 relie'tis
2285 3844 2510 3923 nuper

440 3924 777 4010 clastibus,
807 3921 888 3996 ad
917 3921 1105 4026 spem
1149 3933 1594 4005 honoratioris
1638 3926 1912 4003 militiae
1949 3923 2328 4028 transgreffi.
2372 3934 2510 4003 hos

382 4066 399 4071 ·
2390 4028 2507 4103 de-

544 4158 610 4228 t)
636 4161 907 4226 linarias
925 4160 1091 4219 Gron.
1108 4166 1243 4220 cm
1694 4164 1764 4237 ο)
1799 4168 1844 4219 ii
1878 4166 2042 4222 Gron-
