2732 4671
815 253 1008 305 ιιΒ.
1060 255 1327 303 xxvix
1430 253 1647 307 one.
1695 256 1886 306 v111
2240 257 2354 329 77

271 426 534 527 quasin
574 417 811 494 Sicilia
850 421 956 495 M.
979 418 1277 493 Valerius
1302 423 1622 495 Laevinus
1650 423 1945 496 haberet:
1985 422 2354 522 ‘QFabiQ

273 528 509 629 quibus
568 526 649 598 in
688 529 953 597 Etruria
989 528 1066 596 C.
1108 524 1507 625 Calpurnius
1553 521 1956 626 praesumet,
2036 524 2353 609 decretae.

268 635 619 704 Exercitus
650 628 933 700 urbanus
956 649 1027 701 ut
1055 636 1128 701 in
1150 634 1483 702 Etruriam
1510 625 1903 703 succederet:
1958 620 2045 707 C.
2080 630 2352 731 Calpur·

274 741 427 808 nius
467 730 696 806 eidem
730 728 1043 831 praeeffet
1080 740 1465 832 provinciae
1506 724 1984 835 exercituique:
2052 739 2350 834 Capuam
2439 804 2445 817 ,

273 845 811 937 exercitumque,
849 862 1048 937 quem
1079 837 1457 937 qulvius
1487 833 1830 922 habuisset,
1873 841 1968 908 T.
2004 824 2362 939 Qindtiuz‘

280 942 626 1015 obtineret.
727 942 809 1017 C.
837 939 1164 1017 Hostilius
1194 943 1271 1013 ab
1300 946 1381 1013 C.
1408 945 1718 1016 Laetorio
1746 960 2170 1042 propraetore
2196 968 2346 1042 pro-

279 1049 576 1118 vinciam
605 1049 1132 1146 exercitumque,
1170 1052 1281 1150 qui
1309 1066 1452 1118 tum
1478 1051 1611 1139 jam
1646 1050 1941 1118 Arimini
1968 1065 2134 1128 erat,
2186 1051 2349 1118 acc'i-

276 1169 485 1250 peret.
584 1150 689 1223 M.
729 1148 1061 1223 Marcello
1079 1203 1100 1234 ,
1156 1150 1386 1250 quibus
1433 1145 1665 1223 consul
1693 1150 1859 1222 bene
1887 1175 2034 1221 rem
2064 1143 2352 1249 gesserat,
2429 1164 2438 1191 ¹

274 1253 585 1353 legionen
615 1246 922 1323 decretae.
988 1255 1124 1326 -Μ,
1156 1252 1422 1327 Valerio
1454 1281 1606 1327 cum
1642 1258 1714 1332 L.
1739 1259 1987 1326 Cincio
2015 1252 2148 1341 (his
2193 1280 2352 1353 quo-

270 1384 411 1458 que
438 1352 537 1428 est
559 1360 737 1431 enim
765 1378 1195 1455 prorogatum
1226 1363 1300 1428 in
1325 1356 1544 1430 Sicilia
1572 1363 1959 1458 imperium)
1990 1353 2353 1431 Cannenfis

270 1464 597 1534 exercitus
640 1455 856 1530 danis:
911 1485 1197 1561 eumque
1239 1456 1537 1560 supplere
1581 1487 1663 1533 ex
1708 1461 2068 1548 militibus,
2122 1468 2235 1563 qui
2265 1488 2348 1533 ex

264 1564 644 1666 legionibus
688 1565 816 1636 Cn.
861 1563 1082 1636 Fulvii
1123 1560 1546 1663 supereffent.,
1602 1563 1762 1661 juffi.
1918 1562 2347 1677 Conquifitos

266 1695 386 1741 eos
418 1662 746 1741 vconsules
770 1673 847 1738 in
882 1667 1177 1740 Siciliam
1216 1665 1556 1741 miserunt:
1597 1666 1938 1770 additaque
1959 1668 2193 1743 eadem
2222 1675 2346 1742 mi-

165 1812 173 1817 -
265 1771 447 1869 litiae
486 1776 872 1872 ignominia
887 1824 910 1855 ,
944 1768 1062 1844 sub
1095 1799 1217 1872 qua
1244 1767 1614 1845 Cannenses
1642 1772 2046 1861 militabant,
2107 1779 2352 1876 quique

269 1881 719 2054 egiflpiraetogs
744 1874 1482 2053 1Cn.gui-xvintremit&
1500 1878 1625 2053 Kb
1654 1873 2351 2054 fluxilis-‚immedfugaq

491 2004 579 2052 eo
772 2004 898 2051 ena
1043 2008 1083 2052 u
1242 2003 1286 2052 t.
1456 2035 1470 2051 .
1563 2007 2050 2055 uruncueooe
2135 2006 2350 2055 emm

278 2080 575 2157 Sardinia
602 2082 938 2183 legionem,
984 2085 1213 2185 quibus
1240 2088 1308 2156 P.
1332 2083 1627 2157 Manlius
1657 2010 2054 2159 Vulsoleam
2081 2089 2349 2186 provin·

284 2190 455 2261 ciam
484 2187 883 2275 obtinuerat,
928 2184 1236 2261 decretae.
1335 2192 1406 2260 P.
1445 2188 1778 2288 Sulpicio,
1819 2186 2052 2263 eadem
2076 2188 2351 2289 legione

276 2288 643 2392 eademque
674 2284 871 2363 claffe
909 2289 1388 2366 Macedoniam
1428 2294 1726 2367 obtinere
1775 2290 1935 2387 jusso
1953 2347 1975 2376 ,
2004 2317 2351 2392 ·ps0r0ga·

276 2414 433 2467 tum
459 2402 804 2478 inannum
822 2402 1204 2495 imperium.
1247 2401 1515 2493 triginta
1542 2402 2047 2495 quinqueremes
2073 2421 2155 2467 ex
2189 2398 2349 2468 Sici·

286 2496 385 2571 lia
406 2499 771 2574 Tarentum
793 2496 878 2575 ad
911 2501 1296 2600 QFabium
1325 2493 1668 2572 consulem
1700 2499 1874 2570 mitti
1901 2494 2126 2592 jussae:
2181 2518 2345 2571 cete·

274 2628 359 2675 ra
398 2599 591 2675 claffe
628 2600 1005 2714 praedatum
1049 2611 1123 2676 in
1160 2597 1460 2676 Africam
1490 2621 1599 2675 aut
1623 2597 1842 2701 ipsum
1870 2605 1972 2674 M.
2004 2599 2349 2676 Valerium

272 2710 643 2782 laevinum
676 2714 1014 2804 trajicere3
1050 2726 1159 2780 aut
1203 2713 1496 2792 mittere,
1558 2702 1670 2779 seu
1710 2711 1781 2779 L.
1825 2711 2175 2790 Cincium,
2234 2700 2349 2778 seu

267 2813 376 2886 M
420 2809 770 2886 Valerium
796 2807 1202 2885 ‘⁷Meffallam.
1343 2814 1489 2884 Nec
1533 2807 1616 2882 de
1641 2807 1965 2910 Hispania
1989 2806 2351 2910 quidquam
2409 2836 2456 2908 sp

264 2933 649 3013 mamm,
700 2914 830 2988 nifi
872 2914 1054 3016 quod
1099 2940 1242 2990 non
1271 2920 1344 2987 in
1370 2940 1624 2987 annum
1650 2911 1944 3016 Scipioni
1975 2914 2351 3016 Silanoque‚
2455 2979 2458 2986 .

264 3016 397 3095 sed
415 3016 651 3093 donec
668 3026 967 3094 revocati·
984 3021 1063 3092 ab
1093 3015 1313 3093 senatu
1354 3011 1611 3103 forent,
1655 3020 2097 3119 ‘prorogatum
2136 3025 2351 3117 impe-

265 3130 456 3200 rium
482 3120 601 3214 est.
702 3127 797 3196 Ita
819 3129 1204 3225 provinciae
1228 3128 1762 3225 exercituumque
1792 3129 1865 3196 in
1894 3151 2048 3196 eum
2091 3119 2360 3199 annum*

264 3233 509 3330 partita
537 3233 834 3326 imperia.

418 3335 615 3436 ym.
654 3337 836 3405 Inter
873 3337 1199 3428 majorum
1243 3353 1467 3407 rerum
1519 3356 1699 3405 curas
1740 3335 2016 3401 comitia
2068 3334 2354 3403 maximi

126 3439 135 3462 ²
268 3441 615 3521 curionis,
670 3462 875 3536 quum
901 3441 974 3511 in
995 3435 1229 3512 locum
1256 3440 1358 3508 M.
1390 3435 1666 3509 Aemilii
1689 3429 1984 3507 sacerdos
2014 3451 2352 3517 crearetur,

278 3557 464 3612 vetus
494 3545 941 3613 excitaverunt
965 3561 1332 3628 certamem
1374 3544 1664 3639 patriciis
1690 3535 2070 3636 negantibus
2100 3539 2178 3610 C.
2206 3538 2354 3610 Ma-

274 3642 458 3717 -milii
486 3642 742 3728 vituli,
781 3650 895 3746 qui
919 3671 1087 3716 unus
1109 3670 1189 3715 ex
1216 3642 1413 3743 plebe
1442 3641 1721 3743 petebat,
1756 3636 2128 3714 habendam
2158 3646 2354 3720 ratio·

288 3770 447 3818 nem
470 3744 627 3834 esst,
664 3753 819 3848 quia
843 3772 1051 3824 nemo
1088 3769 1238 3821 ante
1265 3769 1459 3833 eum,
1483 3742 1624 3820 nisi
1653 3771 1736 3818 ex
1775 3746 2100 3829 Patribus,
2151 3739 2224 3815 id
2265 3739 2355 3814 fia·

281 3846 651 3928 oerdotimn
680 3848 1015 3927 habuiss'et.
1157 3853 1451 3926 Tribuni
1494 3847 1797 3953 adpellati
1822 3846 1904 3923 ad
1935 3843 2233 3920 senatum
2260 3869 2353 3916 re-

267 3959 585 4049 jecerunt.
650 3961 655 3968 ’
686 3959 955 4030 Senatus
976 3955 1213 4057 populi
1239 3953 1630 4056 potestatem
1653 3949 1827 4025 feeit.
1977 3954 2071 4023 Ita
2096 3954 2350 4048 primus

267 4082 377 4170 u·
399 4056 597 4161 plebe
653 4080 900 4137 creatus
952 4067 1281 4142 maximus
1323 4066 1511 4134 curio
1549 4061 1627 4132 C.
1670 4052 2017 4136 Ma'milius
2070 4051 2355 4234 Vitulff.

1150 4175 1155 4180 ’
2322 4174 2349 4230 t
