2732 4671
454 201 660 280 384.
1233 210 1306 261 Τ.
1409 211 1706 261 ιινιι

444 377 694 454 ‚vellent
744 384 1068 462 inermeS,
1123 375 1485 451 libertatern
1532 374 1959 450 Elatienfibus
2021 376 2520 477 pollicerentur,

450 480 714 583 fideque
744 488 817 553 in
839 477 1206 566 haec'data,
1262 480 1412 580 post
1436 507 1680 581 paucos
1705 480 1840 557 dies
1862 507 2078 555 arcem
2101 490 2360 582 recepit.
2439 529 2494 568 ·.·

604 591 802 660 XXV.
844 590 1154 657 Ceterum
1183 582 1468 657 adventu
1507 593 1586 657 in
1626 590 1946 682 Achajam
1987 586 2298 659 Philoclis
2342 591 2526 686 regii

501 685 767 763 racfecli
812 715 953 760 non
980 693 1339 762 Corinthus
1380 707 1632 762 tantum
1671 688 1938 762 liberata
1978 687 2353 774 obssdione,
2401 686 2525 762 sed

450 717 859 893 Krgivorum
895 817 1159 893 quoque
1187 798 1409 864 civitas
1447 818 1563 892 per
1589 789 1907 893 quosdam
1943 799 2267 892 principes
2294 794 2525 867 Philo·

455 897 544 974 cli
572 896 830 996 prodita
869 894 994 981 est,
1038 905 1283 969 tentatis
1326 902 1508 995 prius
1550 904 1787 972 animis
1824 897 2054 996 plebis.
2154 901 2316 971 Mos
2360 918 2528 982 erat,

322 996 333 1007 ⁶
452 1008 886 1075 comitiorum
915 997 1022 1071 die
1039 1007 1260 1100 primo
1293 1000 1470 1073 velut
1498 1007 1746 1073 ominis
1780 996 1983 1073 caussa
2010 1017 2335 1101 praetores
2364 1028 2531 1100 pro-

452 1111 760 1179 nunciare
787 1110 1054 1195 Jovem,
1097 1104 1645 1206 Apollinemque,
1683 1126 1747 1180 et
1778 1105 2159 1178 Herculem.
2216 1102 2530 1186 additum

452 1209 588 1308 legi
617 1228 782 1293 erat,
828 1227 896 1279 ut
940 1214 1022 1280 iis
1062 1208 1404 1308 Philippus
1443 1236 1556 1280 rex
1599 1207 2002 1306 adjiceretur..
2034 1216 2211 1304 cujus
2252 1234 2525 1283 nomen

451 1311 602 1414 post
625 1314 889 1411 pastam
930 1338 1083 1383 cum
1116 1317 1439 1385 Romanis
1477 1309 1852 1386 societatem
1898 1319 2050 1414 quia
2089 1335 2528 1411 praeconon

330 1511 335 1516 α
453 1413 727 1510 adjecit,
775 1411 1078 1487 fremitus
1105 1422 1331 1514 primo
1373 1414 1810 1490 multitudinis
1856 1436 2059 1489 ortus:
2101 1413 2343 1490 deinde
2383 1414 2523 1490 cla·

451 1545 610 1593 mor
639 1516 1114 1615 subjicientium
1133 1520 1422 1621 Philippi
1454 1546 1745 1606 nomen,
1782 1521 2279 1620 jubentiumque
2307 1518 2525 1618 legiti-

452 1650 647 1718 mum
691 1627 1025 1696 honorem
1073 1618 1409 1721 usurpare3
1480 1620 1698 1696 donec
1755 1651 1906 1697 cum
1957 1629 2203 1722 ingenti
2243 1618 2520 1700 adsensu

451 1753 709 1802 nomen
751 1733 1095 1799 recitatum
1136 1724 1244 1797 est.
1361 1732 1574 1821 Hujus
1617 1722 1858 1801 fiducia
1899 1723 2148 1799 favoris
2180 1725 2517 1802 Philocles

452 1817 777 1905 arcessitus
805 1832 1002 1902 noste
1041 1850 1316 1929 occupat
1356 1830 1599 1902 collem
1644 1836 2086 1924 inminentem
2133 1832 2312 1915 urbi,
2356 1830 2384 1919 (
2395 1834 2524 1903 La·

450 1929 670 2007 riffam
698 1962 846 2007 eam
875 1960 1098 2007 arcem
1126 1943 1404 2028 vocant)
1434 1931 1775 2035 positoque
1803 1936 1892 2006 ibi
1921 1931 2266 2032 praesidio,
2300 1957 2521 2033 quum

451 2037 622 2111 lucis
661 2043 992 2137 principio
1037 2034 1234 2136 lignis
1287 2034 1545 2110 infestis
1583 2036 1665 2110 ad
1706 2025 2064 2135 subjectum
2106 2032 2520 2118 arei,forum

451 2138 749 2226 vaderet,
812 2138 1122 2213 iustrucla
1174 2147 1340 2214 acies
1402 2169 1482 2213 ex
1534 2139 1805 2217 adverso
1864 2144 2168 2215 obcurrit.
2251 2138 2525 2214 *Praeti-

455 2242 645 2345 dium
691 2265 841 2318 erat.
869 2250 1292 2337 Achaeorum
1333 2273 1546 2346 nuper
1581 2243 1976 2348 inpolitum,
2038 2241 2374 2347 quingenti
2422 2241 2524 2319 fe·

449 2378 527 2424 re
569 2358 833 2446 juvenes
891 2345 1132 2424 delesti
1187 2357 1492 2424 omniurn
1549 2358 1930 2425 civitatium.
2043 2346 2520 2424 Aenesidemus

450 2459 796 2547 Dymaeus
826 2474 1131 2553 praeerat.
1232 2454 1638 2529 Adhortator
1667 2484 1720 2531 ·a
1762 2450 2088 2555 praefedo
2133 2462 2318 2554 regio
2360 2448 2521 2526 mil:⁵

448 2555 589 2643 sus,
636 2566 748 2661 qui
775 2554 1088 2631 excedere
1116 2558 1276 2631 urbe
1320 2563 1603 2654 juberet,
1647 2562 1898 2661 (neque
1947 2565 2130 2635 enim
2171 2585 2352 2658 pares
2396 2584 2518 2631 eos

452 2661 803 2763 oppidanis
850 2658 1039 2745 solis,
1114 2669 1235 2762 qui
1274 2660 1455 2735 idem
1520 2661 1699 2763 quod
1737 2660 2142 2737 Macedones
2183 2657 2522 2747 sentirent,

453 2765 705 2841 nedum
749 2761 1066 2857 adjunctis
1111 2763 1630 2851 Macedonibus,
1677 2764 1841 2853 effe,
1886 2792 2050 2868 quos
2093 2792 2177 2839 ue
2217 2770 2517 2839 Romani

502 2860 725 2943 uidem
771 2866 854 2940 ad
894 2873 1295 2941 Corinthum
1338 2866 1811 2965 sustinuissent)
1855 2877 2081 2970 primo
2128 2869 2335 2955 nihil,
2385 2891 2520 2942 nec.

454 2898 731 3058 ducem,
783 2994 906 3041 nec
932 2967 1106 3070 ipsos
1149 2979 1398 3046 movit:
1435 2965 1584 3073 post
1624 2973 1885 3073 paullo,
1934 2994 2006 3046 ut
2027 2981 2312 3073 Argivos
2356 2999 2524 3073 quo·

454 3098 583 3253 gne
611 3093 893 3148 armatos
926 3100 1005 3146 ex
1036 3093 1214 3173 parte
1240 3074 1439 3149 altera
1466 3081 1797 3152 venientes
1832 3105 2080 3179 magno
2124 3084 2394 3179 agmine
2429 3084 2528 3155 vie

502 3202 725 3262 erunt,
774 3196 1013 3251 certam
1043 3186 1412 3277 perniciem
1442 3201 1812 3267 cernentes,
1858 3208 2139 3255 omnem
2168 3203 2392 3254 tamen
2418 3210 2523 3254 ca·

450 3281 635 3368 sum,
705 3281 758 3356 ss
811 3279 1211 3380 pertinacior
1281 3282 1415 3359 dux
1474 3282 1725 3373 fuiffet,
1792 3284 2175 3359 videbantur
2223 3282 2524 3358 subituri‘.

352 3412 355 3413 ’
453 3386 961 3472 Aenesidemus,
1010 3413 1093 3459 ne
1124 3385 1250 3463 flos
1280 3395 1700 3465 Achaeorum
1728 3396 2074 3486 juventutis
2113 3387 2319 3463 fimul
2359 3414 2523 3463 cum

450 3495 615 3567 urbe
668 3497 1103 3578 amitteretur,
1168 3488 1394 3593 paclus
1454 3523 1624 3579 cum¹
1652 3494 1980 3580 Philocle,
2047 3515 2121 3567 ut
2159 3496 2340 3568 abioe
2384 3493 2526 3567 illis

451 3594 717 3679 liceret,
788 3592 958 3694 ipse,
1031 3620 1165 3698 quo
1224 3598 1384 3671 loco
1434 3598 1683 3673 steterat
1735 3617 2043 3683 armatus,
2083 3626 2243 3673 cum
2294 3605 2530 3698 paucis

455 3703 801 3776 clientibus
827 3726 970 3772 non
997 3699 1271 3774 excessit.
1377 3699 1611 3779 Missus
1649 3731 1686 3775 a
1714 3702 2046 3788 Philocle,
2095 3709 2211 3804 qui
2254 3728 2531 3802 quaere·

453 3828 585 3892 ret,
636 3803 797 3907 quid
838 3799 958 3876 fibi
1002 3805 1239 3878 vellet?
1278 3808 1454 3880 nihil
1499 3802 1699 3891 fatuS,
1750 3806 2254 3890 tantummodO,
2291 3832 2530 3907 ‘quum

452 3912 748 4010 projesto
774 3934 930 4010 prae
953 3904 1018 3981 se
1045 3909 1262 4009 clipeo
1298 3910 1522 3996 staret,
1568 3917 1639 3985 in
1657 3914 1987 4013 praefidio
2020 3916 2300 3985 creditae
2327 3912 2529 3981 urbis

451 4021 843 4089 moriturum
859 4005 940 4108 fi
978 4016 1349 4101 armatum,
1393 4012 1745 4117 respondit.
1788 4035 1947 4092 'tum
1991 4012 2156 4113 juffu
2195 4008 2531 4193 Pm÷sthgi

2237 4147 2275 4192 α
2497 4154 2529 4174 .

2277 4306 2346 4355 xl
