2732 4671
753 276 943 325 ιιι.
1004 262 1334 326 xxx1x²
1405 202 1863 328 eltru'xnt
2150 265 2302 353 ‘753

244 439 464 540 palam
487 434 655 512 faeta
687 437 809 525 esi,
853 439 1166 515 custodiis
1187 446 1360 514 circa
1400 460 1618 539 portas
1660 441 1920 543 politis,
1973 439 2298 547 fugientes

245 574 280 617 a
310 550 669 617 triumviris
694 544 1153 645 comprehensi
1183 568 1246 618 et
1271 545 1520 617 reduffl
1546 544 1720 619 sunt:
1782 547 2144 622 multorum
2177 580 2294 626 no·

234 656 428 722 mina
461 646 686 719 delata.
724 650 993 751 quidam
1021 676 1100 721 ex
1131 656 1207 723 iis
1238 656 1365 722 viri
1394 644 1817 753 feminaeque
1856 672 2142 725 mortem
2171 653 2291 729 fibi

180 804 194 819 ‚
239 749 723 825 consciverunt.
829 751 1207 849 Conjuraffe
1237 751 1423 854 supra
1455 750 1705 853 septem
1736 755 1949 828 millia
1987 764 2289 831 viroriun

242 884 321 929 ac
350 856 702 931 mulierum
732 853 1122 930 dicebantur.
1164 865 1370 959 capita
1410 866 1624 930 autem
1655 854 2119 953 conjurationis
2134 842 2291 938 cofin-

243 960 440 1033 ssabat
483 954 642 1044 effe,
700 964 801 1031 M.
849 982 912 1032 et
936 965 1014 1033 C.
1044 955 1301 1034 Atinios
1334 959 1417 1033 de
1445 952 1634 1061 plebe
1662 965 2001 1049 Romana,
2041 986 2104 1036 et
2132 966 2294 1039 Fali·
2334 1035 2343 1041 .

242 1060 426 1139 scum
471 1065 543 1133 L.
587 1068 1041 1163 Opiternium,
1097 1087 1159 1138 et
1215 1069 1520 1138 Minium
1579 1068 1961 1139 Cerrinium
2014 1071 2293 1169 Campa·

199 1164 208 1172 ’
244 1196 446 1240 num:
511 1169 588 1238 ab
637 1173 736 1240 his
783 1174 1014 1241 omnia
1057 1165 1349 1241 facinora
1390 1188 1454 1240 et
1497 1168 1742 1268 flagitia
1788 1188 1959 1242 orta:
2004 1198 2117 1246 eos
2158 1202 2296 1246 ma·

242 1278 466 1343 ximos
505 1266 860 1343 sacerdotes
906 1270 1405 1372 conditoresque
1447 1279 1580 1366 ejus
1624 1269 1780 1346 sacri
1834 1270 2007 1363 effe.»
2123 1279 2294 1350 Data

243 1401 442 1472 opera
474 1373 597 1457 est,
644 1396 715 1447 ut
742 1383 967 1474 primo
998 1402 1264 1477 quoque
1309 1399 1617 1475 ternpore
1656 1374 2297 1483 comprehenderen-

243 1502 367 1550 tur.
469 1475 754 1551 Adducti
787 1477 868 1551 ad
898 1476 1227 1564 consules,
1268 1476 1540 1580 fassique
1582 1477 1662 1552 de
1699 1477 1802 1571 se,
1852 1482 2107 1555 nuliam
2145 1508 2292 1561 mo·

239 1611 380 1656 ram
407 1578 646 1673 judicio
686 1579 999 1655 fecerunt.
1269 1592 1272 1597 ’
2294 1624 2315 1636 *

385 1690 620 1757 XVIII.
672 1693 987 1760 Ceterum
1029 1708 1198 1759 tant-a
1241 1682 1402 1785 fuga
1447 1711 1527 1757 ex
1569 1686 1728 1758 urbe
1768 1681 1938 1785 faita
1988 1706 2151 1773 erat,
2198 1709 2291 1773 ut,

243 1796 394 1889 quia
434 1790 655 1862 multis
700 1792 1008 1879 actiones⁸
1031 1812 1093 1862 et
1129 1817 1227 1862 res
1254 1791 1587 1890 peribant,
1629 1798 2019 1889 cogerentur
2039 1796 2291 1893 praeto*—

227 1902 352 1963 ·res'
384 1895 484 1963 T.
519 1897 822 1966 Maenius
863 1902 927 1966 et
965 1899 1066 1967 M.
1095 1898 1387 1967 Licinius
1415 1920 1533 1992 per
1556 1888 1853 1984 senatum
1877 1898 1978 1965 res
2006 1893 2294 1991 inssdiem

225 1994 649 2094 trigesimum
711 1994 1011 2083 differre,
1088 1996 1302 2069 donec
1357 1994 1762 2098 quaestiones
1811 2024 1852 2067 a
1892 1994 2292 2073 'consulibus

166 2094 188 2116 ‘
233 2099 725 2198 perficerentur.
865 2101 1116 2173 Eadem
1164 2099 1504 2189 solitudo,⁸
1538 2108 1689 2199 quia
1728 2103 1983 2174 Romae
2031 2128 2172 2175 non
2198 2130 2293 2174 re-
2378 2142 2394 2158 ·

231 2199 683 2300 spondebant,
733 2212 856 2273 n'ec
885 2206 1410 2287 inveniebantur,
1453 2229 1740 2303 quorum
1770 2211 2045 2277 nomina
2089 2204 2294 2279 delata
2336 2266 2339 2267 ν

240 2311 714 2406 era11t,·coegit
748 2303 1044 2380 consules
1075 2313 1246 2380 circa
1277 2301 1425 2378 fora
1454 2301 1822 2405 proficisci,
1870 2309 2089 2407 ibique
2104 2337 2291 2409 quae·

227 2430 385 2493 'rere
411 2429 476 2481 et
501 2406 742 2503 judicia
777 2436 1091 2483 exercere.
1233 2414 1362 2509 Qi
1403 2429 1653 2481 tantum
1690 2405 1931 2502 ‚initiati
1973 2433 2184 2497 erant,
2225 2434 2289 2485 et

139 2525 146 2536 “
238 2540 322 2585 ex
372 2519 663 2585 carmine
708 2509 922 2599 sacre,
962 2535 1309 2613 praeeunte
1337 2515 1530 2586 verba
1561 2508 2291 2612 sacerdote,'precatib·

231 2641 355 2690 nes
383 2614 703 2700 fecerant,
748 2625 816 2688 in
845 2622 1071 2718 quibus
1101 2613 1384 2691 nefanda
1413 2622 1773 2710 conjuratio
1801 2622 1874 2688 in
1902 2642 2107 2712 omne
2138 2614 2291 2692 faci·

231 2731 369 2794 'nus
400 2750 473 2794 ac
501 2720 845 2795 libidinem
876 2724 1360 2816 continebatur,
1409 2748 1534 2794 nec
1557 2747 1778 2793 earum
1814 2747 2031 2792 rerum
2056 2721 2288 2808 ullam.

159 2873 166 2878 -
229 2831 317 2898 ‘in
343 2852 502 2926 quas
524 2823 944 2921 jurejurando
972 2827 1238 2926 obligati
1279 2823 1496 2910 erant,
1544 2832 1617 2896 in
1646 2821 1708 2896 se
1738 2844 1845 2896 aut
1872 2824 2042 2897 alios
2082 2822 2288 2900 admi·
2332 2921 2341 2925 ¹

231 2925 485 3014 serant,
534 2953 646 3002 eos
679 2937 754 3002 in
780 2930 1055 3003 vinculis
1086 2925 1572 3031 relinquebant:
1609 2933 1722 3029 qui
1753 2926 1980 3026 stupris
2012 2923 2117 3001 aut
2155 2956 2291 3001 cae-

235 3028 430 3104 dibus
461 3033 930 3119 violatierant,
975 3040 1088 3136 qui
1136 3030 1308 3108 falfis
1347 3032 1775 3116 testimoniis,
1812 3030 2011 3131 lignis
2051 3031 2291 3106 adulte·

125 3135 131 3142 ’
225 3141 439 3219 ‘rinis‚
483 3133 880 3232 subjectione
910 3139 1479 3223 testamentorum,
1522 3131 1854 3209 fraudibus
1884 3135 2027 3209 aliis
2069 3159 2288 3212 conta·

237 3245 515 3323 minati,
565 3267 675 3312 eos
707 3242 960 3341 capitali
987 3268 1201 3342 poena
1240 3240 1648 3315 adficiebant.
1756 3239 2011 3324 ”Plures
2053 3247 2287 3326 necati,

296 3351 540 3416 namin
563 3346 825 3418 vincula
856 3349 1134 3440 conjesti
1163 3344 1326 3419 sunt.
1363 3370 1602 3442 magna
1632 3348 1812 3416 visin
1839 3341 2291 3445 utraquecaus-

225 3372 303 3522 ’ἒ
329 3455 626 3520 virorum
652 3450 1136 3548 mulierumque
1164 3445 1305 3520 fuit.
1450 3447 1767 3519 Mulieres
1809 3444 2137 3518 damnatas
2177 3473 2286 3520 co·

227 3558 484 3650 gnatis,
539 3576 646 3625 aut
694 3560 767 3625 in
810 3579 1094 3654 quorum
1140 3578 1343 3625 manu
1386 3547 1616 3633 essent,
1666 3545 2032 3634 tradebant,
2066 3547 2283 3651 utipfi
2392 3553 2401 3559 ’

225 3665 310 3728 ‘in
339 3662 591 3754 privato
624 3655 1210 3731 animadverterent
1239 3663 1312 3729 in
1339 3682 1459 3727 eas.
1499 3652 1548 3725 fi
1593 3678 1794 3726 nemo
1839 3667 1968 3724 erat
2008 3650 2285 3728 idoneus
2378 3679 2391 3698 ⁸

231 3754 542 3858 supplicii
593 3761 890 3845 exactor,
961 3769 1031 3833 in
1088 3761 1355 3862 publico
1411 3755 2053 3832 animadvertebatur.
2156 3761 2283 3831 Da·

233 3883 385 3935 tum
425 3860 662 3936 deinde
710 3862 1080 3938 consulibus
1118 3871 1464 3964 negotium
1491 3862 1615 3947 est,
1657 3873 1725 3934 ut
1756 3868 1982 3958 omnia
2010 3865 2287 3934 Baccha·

237 3966 415 4056 naua
456 3971 714 4039 Romae
758 3975 1092 4068 primum,
1151 3966 1394 4043 deinde
1436 3993 1553 4067 per
1594 3985 1796 4039 totam
1842 3965 2128 4049 Italiam,
2193 3962 2287 4038 di·

237 4089 534 4158 ruerent,
589 4091 765 4144 extra
816 4099 1018 4175 quam·
1055 4069 1107 4147 fi
1152 4102 1274 4177 qua
1317 4075 1407 4148 ibi
1444 4069 1682 4145 vetusta
1718 4079 1830 4144 'ai-a
1878 4090 1985 4145 aut
2018 4068 2285 4170 fignum

349 4189 421 4256 T.
452 4190 590 4258 ιω.
619 4191 697 4257 P.
729 4191 809 4256 II
1428 4176 1610 4251 ΒΜ)
1786 4177 1794 4182 ·
2060 4170 2284 4268 conse-
