2732 4671
797 253 1315 334 tra.·xxx1x
1420 257 1640 306 car.
1697 261 1738 307 1.
2091 252 2251 335 787

116 504 122 521 .
202 420 321 507 de,
370 444 441 497 ut
467 421 655 523 super
685 406 892 496 alium
921 424 1082 497 alius
1111 420 1291 498 idem
1320 448 1556 497 omnes
1582 420 1997 499 adfirmantes
2033 436 2246 502 venie·
2319 408 2324 417 .

198 529 386 601 bant:
430 527 698 613 tandem
727 523 896 607 facta
922 526 1118 614 fides;
1169 551 1268 613 et,
1319 524 1695 627 priusquam
1723 512 2247 631 adp'rdpinquare

199 628 359 717 urb'i'
388 629 530 703 satis
578 629 853 717 scirent,
905 631 987 702 ad
1031 629 1471 731 spectaculum
1518 657 1787 716 omneS,
1828 631 2023 720 fimul
2048 637 2246 719 liberi

199 763 273 820 ac
316 732 518 819 servi.
570 743 755 833 pueri
801 762 1062 837 qnoque
1102 764 1256 808 cum
1296 731 1604 818 feminis.,
1644 730 2081 809 effunduntur.
2133 747 2247 810 ita·
2313 802 2316 815 ἱ
2403 744 2408 753 “

198 866 326 938 que
357 836 707 910 clauserant
729 863 986 938 portam
1022 842 1277 923 turbae,
1321 837 1484 911 dum
1516 865 1640 938 pro
1671 836 1735 909 se
1778 838 2075 942 quisque.
2123 840 2247 933 nisi

191 939 328 1040 ipse
361 943 566 1013 oculis
594 940 721 1037 suis
750 941 1131 1028 credidiffet‚
1174 950 1283 1015 vix
1309 971 1431 1041 pro
1460 963 1794 1041 comperta
1826 945 2068 1017 tantam
2098 973 2243 1019 rem

193 1048 527 1120 habiturus
560 1044 895 1118 videretur.
1007 1053 1221 1146 Aegre
1242 1043 1697 1120 submoventes
1729 1049 1962 1121 obvios
2008 1056 2245 1121 intrare

193 1174 493 1247 portam,
564 1156 675 1249 qui
722 1147 1123 1222 adducebant
1170 1148 1800 1249 Philopoemenem.
1870 1173 2244 1251 potuerunt,

193 1273 381 1352 atque
425 1255 605 1325 turba
648 1249 941 1326 conferta
982 1260 1102 1326 iter
1144 1256 1475 1353 reliquum
1523 1251 1840 1326 clauserat.
1895 1278 1989 1340 et,
2033 1284 2244 1356 quum

195 1383 341 1454 pars
373 1364 658 1429 maxima
685 1354 939 1431 exclusa
967 1386 1003 1430 a
1035 1355 1404 1456 spectaculo
1438 1354 1626 1442 effer,
1663 1362 1986 1430 theatrum
2019 1387 2246 1458 repen-

195 1482 294 1545 te,
326 1457 526 1559 ⁴quod
554 1468 693 1539 viae
718 1468 1170 1560 propinquum
1200 1486 1368 1546 erat,
1436 1461 1964 1560 compleverunt,
2019 1484 2115 1548 et,
2170 1481 2244 1536 ut

194 1588 280 1635 eo
311 1561 835 1662 inconspectum
866 1566 1099 1662 populi
1128 1564 1583 1645 adduceretur,
1631 1591 1759 1637 una
1794 1592 1959 1637 voce
2006 1593 2240 1639 omnes

192 1662 639 1765 exposcebant.
739 1668 1149 1767 Magistratus
1181 1689 1244 1740 et
1273 1675 1620 1767 principa,
1666 1674 1881 1753 veriti.
1921 1697 2007 1742 ne
2040 1662 2242 1769 quem

189 1790 457 1855 motum
502 1769 947 1844 misericordia
987 1769 1330 1869 praesentis
1372 1778 1532 1844 tanti
1565 1778 1694 1845 viri.
1713 1767 1983 1855 faceret,
2030 1802 2241 1873 quum
2337 1838 2341 1847 ,

184 1873 349 1946 alios
366 1872 751 1947 verecundia
768 1876 1073 1974 pristinae
1103 1874 1442 1971 majestatis
1475 1875 1730 1947 conlata
1761 1873 2069 1972 praesenti
2103 1872 2240 1948 for·

100 1972 103 1975 ¹
185 1997 418 2062 tunae,
470 1979 631 2050 alios
678 1976 1045 2051 recordatio
1084 1985 1456 2078 ingentium
1521 1984 1914 2063 meritorum
1972 2004 2238 2053 motura
2337 2024 2340 2031 ·

187 2078 376 2163 estet,
414 2081 649 2177 procul
675 2087 746 2153 in
773 2079 1123 2180 conspectu
1153 2110 1305 2153 eum
1334 2083 1698 2155 statuerunt.
1737 2079 1972 2155 deinde
1998 2091 2237 2183 raptim

190 2211 277 2257 ex
328 2184 535 2254 oeulis
580 2188 943 2255 hominum
1001 2182 1472 2268 abstraxerunt,
1540 2206 1837 2280 praetore
1879 2190 2242 2259 Dinocrate

189 2285 483 2371 dicente,
539 2282 697 2373 effe,
755 2313 920 2387 quae
971 2290 1358 2385 pertinentia
1398 2285 1479 2362 ad
1516 2283 1846 2360 summam
1887 2289 2041 2360 belli
2102 2315 2243 2388 per-

192 2393 487 2464 cunctari
510 2417 669 2463 eum
698 2389 1099 2489 magistratus
1127 2390 1387 2462 vellent.
1538 2389 1701 2463 Inde
1739 2386 2021 2463 abducto
2052 2418 2135 2464 eo
2163 2399 2239 2466 in

189 2500 484 2578 curiam,
533 2515 594 2565 et
622 2491 837 2566 senatu
869 2515 1138 2578 vocam,
1180 2491 1522 2566 consultari
1567 2512 1901 2591 coeptum.

336 2602 408 2670 Ι..
469 2587 613 2684 Jam
658 2593 1228 2697 invesperascebat.
1290 2617 1352 2669 et
1394 2622 1534 2667 non
1575 2593 1786 2668 modo
1819 2618 2068 2686 cetera,
2127 2591 2240 2668 sed

184 2727 276 2774 ne
309 2706 380 2773 in
406 2708 784 2798 proximam
813 2700 1081 2802 quidem
1111 2702 1380 2772 noctem
1409 2701 1519 2771 ubi
1549 2695 1694 2772 satis
1722 2719 1860 2771 tuto
1893 2695 2243 2773 custodire-

183 2824 326 2889 tur,
369 2803 813 2903 expediebant.
917 2804 1394 2902 Obstupueram
1424 2799 1505 2876 ad
1539 2800 2063 2902 magnitudinem
2109 2809 2239 2902 pri·

178 2907 382 2980 ssinae
410 2914 540 3002 ejus
572 2903 871 2980 fortunae
903 2904 1308 3009 virtutisque:
1355 2926 1418 2979 et
1445 2933 1655 3007 neque
1686 2903 1807 3006 ipsi
1833 2905 2113 2979 domurn
2150 2933 2243 2978 re-

185 3019 408 3112 cipere
439 3009 936 3085 custodiendum
966 3008 1318 3095 audebant,
1356 3027 1484 3084 n'ec
1521 3018 1828 3110 cuiquam
1871 3017 1988 3094 uni
2030 3008 2239 3082 custo·

180 3111 374 3188 diam
420 3122 548 3209 ejus
595 3112 736 3187 satis
765 3113 1122 3189 credebant.
1223 3111 1613 3193 Admoneat
1654 3110 1896 3186 deinde
1946 3111 2239 3213 quidam,

182 3213 319 3304 effe
361 3215 727 3292 thesaurum
769 3219 1112 3319 publicum
1155 3214 1270 3291 sub
1310 3238 1512 3304 terra,
1576 3203 1733 3292 sax'o
1785 3215 2093 3319 quadrato
2147 3212 2239 3288 se-

180 3344 401 3421 ptum.
441 3349 521 3395 eo
548 3325 801 3396 vinetus
830 3321 1227 3406 demittitur,
1269 3341 1332 3392 et
1360 3311 1583 3393 ssxum
1619 3328 1883 3420 ingens.
1923 3348 2054 3420 quo
2082 3347 2237 3418 ope-

180 3434 383 3510 ritur,
426 3431 729 3499 machina
757 3424 1015 3526 superin
1063 3423 1302 3495 ofitum
1329 3422 1437 3494 est.
1477 3430 1560 3495 ita
1588 3422 1744 3495 loco
1771 3429 2005 3522 potiu3‚
2035 3449 2238 3526 quam

178 3535 458 3605 homini
488 3536 830 3629 cuiquam,
881 3452 1273 3601 creclzndam
1306 3525 1671 3599 custodiam
1701 3533 1842 3611 rati.
1881 3526 2105 3598 lucem
2133 3531 2235 3596 in·

178 3630 564 3734 sequentem
597 3631 1138 3732 exspectaverunt.
1241 3629 1508 3702 Postero
1556 3628 1664 3701 die
1710 3626 2062 3702 multitudo
2096 3635 2235 3728 qui·

183 3735 346 3810 dem
381 3743 661 3836 integra,
706 3764 972 3811 memor
999 3735 1425 3836 pristinorum
1448 3732 1580 3829 ejus
1611 3741 1681 3805 in
1722 3740 2052 3807 civitatem
2099 3758 2237 3803 me·
2319 3729 2322 3736 ⁴

177 3849 505 3925 ritorum,
566 3838 1005 3938 parcendum,
1054 3863 1129 3911 ac
1176 3864 1294 3938 per
1331 3863 1486 3909 eum
1530 3836 1824 3909 remedia
1873 3831 2237 3936 quaerenda

181 3941 316 4018 effe
359 3939 794 4042 praesentium
835 3944 1203 4028 malorum,
1257 3937 1627 4014 censebant:
1694 3936 2080 4013 defectionis
2130 3966 2236 4011 au·

185 4053 402 4122 {tores
422 4103 442 4136 ,
484 4076 773 4151 quorum
809 4056 883 4124 in
910 4075 1112 4127 manu
1138 4042 1497 4145 respublica
1523 4064 1678 4131 erat,
1704 4052 1776 4118 in
1801 4040 2047 4119 secreto
2080 4067 2235 4113 con·

1177 4154 1243 4228 D
1260 4148 1303 4222 d
1336 4146 1383 4221 d
1445 4172 1488 4226 2
2006 4142 2234 4241 sultan-
