2732 4671
739 291 933 341 tin.
991 290 1366 342 xxxvnr
1501 289 1623 341 cn
1658 293 1719 342 r.
1780 295 1940 342 xva
2188 250 2337 363 δὶς

276 459 464 536 runt.'
517 458 613 530 ibi
656 452 893 529 seditio
940 475 1116 542 orta,
1177 451 1357 528 etad
1398 460 1638 555 viginti
1680 456 1893 531 millia
1948 461 2339 545 hominum..

274 590 430 637 cum
477 566 813 634 Leonorio
869 589 944 633 ac
984 565 1247 635 Lutario
1317 562 1596 659 regulis,
1632 556 1982 657 secessione
2051 555 2221 634 faesia
2296 591 2336 636 a

269 668 540 743 Brenno
559 720 581 750 ,
621 673 697 737 in
729 668 1099 738 Thraciam
1128 671 1251 737 iter
1277 684 1666 737 averterunt.
1706 664 1818 737 ubi
1851 692 2010 737 cum
2048 660 2339 740 resisten-

273 772 442 844 tibus
463 768 862 870 pugnandO,
904 795 1138 867 pacem
1165 769 1537 868 petentibus
1560 766 1960 867 stipendium
2007 775 2336 869 inponen-

273 872 402 959 do,
467 877 854 966 Byzantium
898 899 1108 974 quum
1145 867 1619 972 perveniffent,
1677 868 2089 974 ’aliquamdiu
2142 900 2337 951 oram
2450 880 2453 893 “

270 974 708 1077 Propontidis
738 973 1484 1077 vectigalem'habendO,
1523 981 1815 1077 regionis
1844 985 1977 1073 ejus
2006 979 2196 1051 urbes
2224 981 2339 1051 ob·

209 1104 212 1107 ·
268 1088 624 1154 tinuerunt.
764 1078 1033 1180 Cupido
1075 1079 1233 1153 inde
1277 1105 1388 1151 eos
1433 1085 1505 1152 in
1530 1076 1754 1153 Afi‘am
1782 1077 2183 1167 transeundi,
2229 1076 2369 1157 au·-

270 1182 521 1258 dientes
567 1210 647 1258 ex
683 1192 1101 1287 propinquo,
1156 1204 1392 1285 quanta
1434 1185 1680 1257 ubertas
1720 1205 1926 1257 terrae
1974 1190 2105 1279 ejus
2162 1182 2337 1270 estet,

271 1295 480 1388 cepit:
542 1309 637 1375 et,
703 1286 1119 1381 Lyfimachia
1192 1282 1422 1359 fraude
1500 1308 1719 1386 capta,
1793 1284 2383 1391 Chersonesoque·
2458 1350 2463 1357 .

270 1397 465 1465 omni
511 1399 710 1465 armis
748 1388 1049 1492 possess'a,
1126 1386 1207 1463 ad
1268 1387 1787 1490 Hellespontum
1843 1389 2335 1465 descenderunt.

268 1498 372 1569 Ibi
399 1522 557 1569 vero
590 1502 832 1596 exiguo
858 1492 1127 1567 divisam
1155 1492 1226 1589 ¹¹)
1266 1490 1439 1567 freto
1469 1497 1879 1591 cernentibus
1909 1493 2128 1568 Afiam
2167 1497 2341 1571 mul-

273 1618 347 1673 to
396 1606 603 1700 magis
647 1607 856 1674 animi
882 1596 965 1672 ad
992 1593 1456 1671 transeundum
1485 1597 1775 1688 accenfi3
1817 1598 2220 1702 nunciosque
2250 1599 2337 1678 ad

269 1708 735 1803 Antipatrum,
795 1699 1204 1807 praefectum
1246 1709 1380 1797 ejus
1423 1726 1610 1787 orae,
1670 1700 1752 1775 de
1802 1702 2067 1777 transitu
2126 1709 2341 1781 mitte·

268 1808 442 1880 bant.
486 1800 649 1910 'quae
677 1836 774 1880 res
803 1795 1013 1908 quum'
1040 1807 1277 1880 lentius
1307 1802 1423 1906 spe
1453 1802 1750 1906 ipsorum
1780 1814 2177 1893 traheretur,
2205 1809 2333 1881 alia

268 1907 482 1985 rursus
511 1937 686 1984 nova
708 1917 882 1983 inter
909 1910 1172 2011 regulos
1201 1931 1342 1983 orta
1368 1905 1599 1983 seditio
1631 1909 1740 1982 est.
1841 1916 2209 1985 Leonorius
2238 1940 2337 1985 re-

264 2034 414 2100 tro,
449 2012 957 2098 unde‘venerat‚
997 2037 1146 2087 cum
1181 2004 1432 2108 majore
1477 2036 1658 2115 parte
1699 2019 2057 2089 hominum
2101 2012 2338 2117 repetit

261 2121 704 2212 Byzantium:
768 2121 1063 2189 Lutarius
1103 2115 1616 2204 Macedonibus,
1677 2147 1800 2218 per
1838 2116 2126 2219 speciem
2166 2122 2338 2221 lega·
2370 2136 2381 2157 '¹

262 2229 473 2295 tionis
515 2223 593 2293 ab
629 2226 976 2318 Antipatro
1020 2216 1102 2289 ad
1143 2215 1613 2316 speculandum
1655 2219 1889 2321 miffis,
1952 2222 2107 2295 duas
2138 2230 2335 2297 tedias

268 2352 474 2403 naves
520 2347 581 2397 et
626 2345 752 2398 tres
792 2321 1052 2397 lembos
1096 2320 1349 2395 adimit.
1393 2326 1536 2406 his,
1577 2322 1739 2402 alios
1782 2347 1970 2425 atque
2001 2326 2170 2399 alios
2196 2326 2339 2401 dies

262 2425 627 2532 hostesque
655 2422 1157 2511 transvehendO,
1208 2432 1376 2499 intra
1403 2451 1649 2524 paucos
1683 2424 1817 2498 dies
1847 2454 2083 2500 omnes
2112 2435 2337 2528 copias

155 2547 168 2554 ’
259 2539 536 2630 trajecit.
638 2529 843 2605 Haud
869 2534 954 2604 ita
983 2530 1198 2604 multo
1223 2528 1373 2631 post
1403 2533 1805 2617 Leonorius,
1847 2529 2185 2626 adjuvante
2217 2538 2340 2606 Ni-

261 2634 557 2713 comede
582 2639 932 2729 Bithyniae
959 2660 1148 2735 rege,
1190 2664 1226 2709 a
1251 2639 1569 2728 Byzantio
1598 2631 1968 2709 transmisit.
2070 2641 2338 2711 Coeunt

261 2738 511 2818 deinde
541 2748 614 2813 in
641 2767 854 2814 unum
884 2735 1097 2812 rursus
1126 2738 1334 2824 Galli,
1383 2756 1447 2812 et
1472 2737 1713 2811 auxilia
1753 2739 2113 2815 Nicomedi
2162 2740 2339 2828 dant,
2442 2819 2445 2824 ,

255 2841 579 2923 adversus
616 2844 991 2937 Zyboetam
1018 2842 1112 2940 i),
1152 2862 1404 2944 partem
1436 2861 1767 2917 tenentem
1794 2848 2176 2938 Bithyniae,
2229 2872 2340 2948 ge-
2378 2937 2381 2950 Ι

139 2961 144 2966 “
264 2954 443 3026 renti
468 2948 742 3023 bellum.
845 2953 1063 3050 Atque
1092 2975 1323 3022 eorum
1352 2951 1642 3020 maxime
1674 2945 1871 3048 opera
1897 2947 2188 3023 devici-us
2204 2955 2340 3044 Zye

265 3058 468 3131 boeta
506 3053 633 3141 cst,
696 3056 1137 3153 Bithyniaque
1183 3059 1407 3126 omnis
1451 3058 1523 3124 in
1567 3048 1900 3126 ditionem
1940 3052 2341 3128 Nicomedis

267 3155 603 3234 conceffit.
742 3152 1024 3232 Profecti
1060 3183 1141 3230 ex
1177 3160 1490 3250 Bithynia
1529 3163 1601 3229 in
1628 3154 1848 3230 Afiam
1878 3156 2340 3260 processerunt.

172 3288 180 3295 ·
269 3290 424 3339 non
465 3261 615 3361 plus
659 3288 742 3334 ex
780 3266 1016 3362 viginti
1049 3262 1356 3336 *millibus
1401 3265 1799 3354 hominum,
1853 3291 2050 3364 quam
2100 3262 2340 3338 decem

268 3386 522 3442 armata
547 3387 746 3438 erant.
793 3385 1017 3439 tamen
1043 3384 1295 3439 tantum
1321 3368 1590 3436 terroris
1634 3367 1978 3451 omnibus,
2039 3391 2203 3467 quae
2243 3373 2339 3439 cis

271 3475 594 3545 Taurum
628 3470 967 3556 incolunt,
1026 3468 1327 3569 gentibus
1363 3472 1769 3561 injecerunt,
1817 3489 1924 3554 ut,
1980 3496 2135 3569 quas
2179 3465 2343 3542 adis-

267 3573 449 3661 sent,
490 3570 767 3676 quasque
795 3599 938 3647 non
965 3567 1271 3658 adiffent,
1320 3578 1563 3671 pariter
1601 3570 1875 3647 ultimae
1920 3579 2340 3673 propinquis..

272 3682 570 3780 irnperio
600 3689 918 3777 parerent.
1029 3675 1411 3760 Postremo,
1461 3697 1667 3777 quum
1696 3696 1821 3749 tres
1852 3673 2051 3748 effent
2088 3698 2338 3778 gentes,
2420 3749 2423 3756 ,

271 3783 735 3877 Tolistoboji,
783 3783 1118 3868 Trocmi,
1173 3777 1572 3881 Tectosagi,
1636 3787 1710 3853 in
1751 3801 1875 3852 tres
1920 3799 2164 3878 partes,
2209 3806 2336 3882 qua

270 3895 513 3987 cuique
558 3886 963 3986 populorum
1010 3885 1277 3961 suorum
1308 3884 1644 3986 vectigalis
1684 3881 1836 3958 Afia
1865 3879 2051 3970 effet,
2103 3878 2338 3959 divise·

270 4011 446 4068 runt.
544 3993 872 4066 Trocmis
903 3989 1329 4097 Hellesponti
1355 4015 1474 4063 ora
1509 3985 1688 4077 data3
1733 3987 2338 4086 TolistobojiAeoe

1020 4159 1028 4170 .
1135 4193 1140 4197 ἱ
1361 4093 1383 4164 d
2200 4092 2338 4172 lida

346 4221 381 4282 h
396 4224 432 4298 )
461 4226 631 4296 divifis
655 4228 823 4286 Gron-
1181 4283 1204 4293 ,
1325 4223 1386 4297 i)
1406 4224 1651 4292 ,Ζυῦοσιπι
1674 4226 1843 4283 Gton.
1871 4227 2051 4285 Crem«
