2732 4671
507 131 651 213 816
1156 153 1287 211 ,τι
1391 154 1754 202 ιινιι

503 344 761 393 novum
787 337 1198 419 praetorem,
1238 343 1325 393 ne
1353 313 1633 416 serperet
1653 324 1895 389 iterum
1922 315 2152 401 latius,
2191 322 2412 390 Patres
2459 315 2559 410 jus·

499 418 736 496 serunt.
837 428 921 494 Et
946 422 1124 520 leges
1159 417 1240 492 de
1265 421 1520 493 ambitu
1548 417 1847 494 consules
1880 447 1960 492 ex
1986 423 2381 495 auctoritate
2410 419 2561 494 sena·

427 580 432 589 ·
505 547 604 601 tus
636 523 723 599 ad
752 525 1077 625 populum
1106 525 1407 597 tulerunt.
1752 522 1758 527 ’
2041 530 2046 535 “

592 718 599 725 ·
648 634 784 704 XX.
851 634 1234 728 Legationes
1274 614 1653 700 -deinde‘in
1693 624 1990 700 senatum
2041 623 2560 701 introduxerunt.

502 736 767 832 Regum
801 740 1082 831 primas,
1117 738 1465 817 Eumenis,
1512 752 1576 804 et
1608 736 1967 804 Ariarathis
1999 730 2474 829 Cappadocis,
2511 753 2560 804 et

509 842 851 911 Pharnacis
891 842 1164 909 Pontici.
1224 862 1349 908 nec
1392 836 1555 907 ultra
1606 832 1961 936 quidquam
2022 842 2117 907 eis
2179 832 2557 935 responsum

507 941 632 1024 est,
670 966 869 1041 quam
898 936 1238 1025 missumS,
1278 946 1392 1040 qui
1424 938 1506 1011 de
1536 936 1995 1011 controversiis
2039 965 2285 1012 eorum
2310 966 2557 1040 ‚cogno-

510 1042 785 1129 scerent,
831 1042 1317 1144 statueremque.
1377 1084 1380 1085 ⁷
1470 1040 2155 1116 Lacedaemoniorum
2193 1040 2453 1115 deinde
2479 1072 2556 1116 ex·

506 1145 723 1222 sulum
771 1168 834 1219 et
872 1152 1296 1220 Achaeorum
1331 1145 1530 1247 legati
1575 1143 1934 1219 introducti
1960 1141 2124 1217 sunt.
2165 1167 2233 1218 et
2264 1143 2415 1246 spes
2442 1146 2556 1220 dan

509 1249 831 1326 exsulibus
878 1250 1010 1336 est,
1068 1247 1454 1351 scripturum
1497 1246 1789 1323 senatum
1836 1254 2150 1333 Achaeis,
2192 1269 2267 1320 ut
2296 1250 2555 1323 restitue·

503 1376 749 1441 rentur.
854 1359 1102 1428 Achaei
1130 1352 1214 1426 de
1251 1350 1544 1427 Messene
1575 1376 1859 1452 recepta,
1919 1350 2446 1454 compositisque
2482 1355 2553 1426 ibi

502 1460 729 1545 rebuS,
776 1485 929 1530 cum
957 1454 1221 1531 adsensu
1254 1463 1518 1530 Patrum
1564 1455 2034 1556 exposuerunt.'
2120 1461 2204 1528 Et
2247 1485 2285 1529 a
2329 1460 2554 1558 Philip

506 1590 598 1665 po
641 1585 793 1661 rege
832 1560 1287 1636 Macedonum
1335 1559 1469 1634 duo
1498 1561 1697 1660 legati
1745 1579 2093 1643 venerunt,
2135 1560 2475 1635 Philocles
2507 1585 2556 1634 et

462 1680 477 1697 ⁰
508 1667 808 1766 ApelleS,
865 1666 1045 1741 nulla
1083 1662 1274 1766 super
1310 1693 1417 1749 re,
1472 1692 1638 1767 quae
1680 1666 1758 1737 ab
1802 1661 2020 1737 senatu
2057 1662 2346 1762 petenda
2395 1662 2555 1738 esset:

502 1767 903 1869 speculatum
946 1778 1155 1869 magis
1201 1766 1726 1869 inquisitumque.
1756 1767 1934 1841 missi
1975 1765 2057 1839 de
2095 1773 2214 1853 iis,
2282 1796 2557 1869 quorum

509 1870 774 1949 Perseus
814 1877 1232 1944 Demetrium
1274 1869 1698 1943 insimulasset
1736 1869 2164 1954 sermonum,
2238 1900 2399 1946 cum
2445 1878 2559 1945 Ro-

505 1981 756 2058 manis,
795 1981 1087 2061 maxime
1119 2003 1273 2059 cum
1302 1977 1396 2045 T.
1426 1976 1781 2073 QindiiO,
1830 1970 2128 2047 adversus
2156 1970 2441 2048 fratrem
2487 1976 2556 2048 de

502 2103 714 2178 regno
749 2079 1143 2149 habitorum.
1244 2082 1435 2162 Hos,
1473 2097 1809 2178 tamquam
1854 2076 2153 2162 medios,
2193 2106 2328 2151 nec
2380 2088 2454 2152 in
2485 2080 2555 2152 al·

466 2190 698 2255 sterius
729 2175 1030 2267 faverem
1057 2182 1440 2267 inclinatOS,
1481 2176 1737 2253 miserat
1768 2209 1894 2254 rex.
1940 2204 2124 2255 erant
2154 2205 2378 2255 autem
2409 2206 2470 2256 et
2498 2189 2558 2255 hi

507 2283 723 2363 Perse-i
752 2282 995 2359 fraudis
1029 2291 1103 2358 in
1129 2280 1404 2359 fratrem
1435 2284 1710 2358 ministri
1756 2306 1817 2358 et
1855 2292 2224 2388 participes,
2330 2291 2556 2360 Deme·

506 2400 704 2476 trius,
755 2398 1107 2474 omnium,
1147 2411 1597 2490 praeterquam
1624 2386 1892 2464 fraterni
1920 2386 2196 2474 sceleris,
2240 2390 2428 2491 quod
2456 2421 2556 2465 nu·

507 2523 630 2597 per
666 2507 1007 2593 eruperat,
1063 2501 1358 2593 ignarus,
1418 2500 1642 2592 primo
1689 2521 1911 2593 neque,
1945 2521 2296 2594 magnam,
2359 2523 2555 2598 neque

507 2598 762 2673 nullam
804 2594 986 2697 spem
1029 2599 1334 2682 habebat,
1394 2617 1644 2696 patrem
1684 2595 1804 2670 fibi
1835 2595 2078 2696 placari
2109 2595 2312 2697 posse.
2348 2609 2555 2672 minus

509 2700 750 2776 deinde
780 2707 865 2772 in
903 2700 1040 2773 dies
1077 2708 1272 2800 patris
1311 2706 1543 2776 animo
1571 2698 1845 2786 fidebat,
1885 2728 2093 2801 quum
2146 2699 2434 2777 obsideri
2467 2732 2559 2776 au-

508 2834 608 2880 res
637 2834 674 2877 a
700 2801 894 2876 fratre
925 2825 1234 2877 cerneret.
1369 2810 1644 2906 ltaque,
1689 2800 2220 2904 circumspiciens
2261 2805 2424 2878 dicta
2449 2803 2554 2889 ‚sa-

509 2914 740 3010 {taque
782 2904 926 2992 sua,
992 2935 1076 2980 ne
1122 2917 1313 3003 cujus
1349 2905 1747 3007 suspiciones
1788 2930 2083 3007 augeret,
2151 2916 2429 2983 maxime
2474 2910 2555 2982 ab

460 3057 467 3063 ι
509 3020 702 3086 omni
752 3017 1095 3084 mentione
1138 3033 1201 3081 et
1243 3018 1642 3111 contagione
1683 3017 2150 3086 Romanorum
2176 3013 2558 3098 abstinebam

503 3136 579 3189 ut
604 3140 815 3214 neque
848 3110 1038 3185 scribi
1071 3109 1190 3185 srbi
1219 3113 1436 3198 veliet,
1533 3122 1635 3188 uia
1659 3121 1795 3190 hoc
1821 3123 2175 3216 praecipue
2201 3125 2555 3192 criminum

506 3245 742 3320 genere
772 3213 1132 3316 exasperari
1164 3219 1463 3289 animum
1486 3143 1814 3293 sentiebat.

412 3301 499 3400 φ
582 3409 587 3414 ,
657 3327 823 3396 ΧΧῙ.
868 3322 1229 3420 Philippus,
1290 3320 1599 3395 simulne
1632 3331 1775 3395 otio
1807 3324 1998 3398 miles
2037 3321 2339 3399 deterior
2369 3327 2558 3408 fieret,

512 3425 713 3502 simul
738 3424 1125 3498 avertendae
1158 3421 1544 3523 suspicionis
1574 3424 1777 3500 caussa
1807 3427 2175 3529 quidquam
2205 3460 2244 3503 a
2274 3427 2342 3502 se
2381 3439 2558 3528 agita·

349 3578 362 3587 -
406 3609 413 3614 ,
458 3619 467 3630 ¹
508 3517 569 3604 ri
616 3528 696 3604 de
740 3535 1048 3603 Romano
1089 3528 1297 3611 bello,
1351 3531 1587 3602 Stobos
1616 3535 1933 3604 Paeoniae
1965 3541 2263 3606 exercitu
2293 3533 2556 3614 iudidio,

508 3642 586 3710 in
624 3632 1000 3707 Maedicam
1042 3629 1277 3720 ducere
1314 3642 1548 3733 pergit.
1690 3632 1956 3733 Cupido
1997 3663 2154 3709 eum
2198 3660 2456 3736 ceperat
2490 3643 2556 3708 in

506 3746 818 3813 verticem
849 3741 1096 3810 Haemi
1123 3744 1374 3810 montis
1404 3735 1875 3833 adscendendi,
1921 3748 2072 3840 quia
2104 3741 2401 3838 vulgatae
2430 3745 2561 3837 opi-

509 3850 701 3917 nioni
729 3837 1124 3923 crediderat,
1167 3844 1519 3913 Ponticum
1551 3840 1745 3914 fimul
1778 3863 1840 3913 et
1870 3841 2331 3917 Hadriaticum
2365 3869 2559 3920 matt,

386 3971 404 4046 χ
508 3968 573 4024 ct
613 3946 919 4022 Histrum
960 3970 1272 4037 amnem,
1322 3970 1388 4021 et
1426 3948 1628 4049 Alpes
1674 3943 1968 4049 conspici
2006 3944 2225 4051 poffe:
2283 3943 2556 4122 subjziiuz

2346 4076 2429 4126 oc
