2732 4671
330 236 637 349 ’,ηε
862 344 875 349 ⁴
1257 258 1331 309 τ.
1435 256 1798 306 tivit

480 426 817 512 sultantes',
886 432 1121 499 omnes
1182 419 1266 497 ad
1308 448 1550 496 necem
1613 428 1747 517 ejus
1812 414 2337 493 consentiebant:
2409 410 2539 502 sed,

482 555 705 607 utrum
740 534 1165 613 maturarent,
1209 555 1295 600 an
1322 522 1701 611 differrent,
1741 524 2208 623 ambigebatur.
2362 527 2542 596 Vicit

484 663 629 738 pars
674 634 931 707 avidior
973 658 1260 734 poenae,
1323 625 1706 729 miffusque,
1770 633 1882 728 qui
1925 652 2261 702 venenum
2323 620 2543 698 ferret.

488 746 783 838 Accepto
845 736 1132 837 poculo,
1214 738 1389 810 nihil
1443 731 1619 806 aliud
1667 732 1967 804 locutum
2015 725 2276 814 ferunt,
2341 756 2542 831 qnam

490 838 828 945 quaefiffe,
873 844 946 942 fi
999 841 1338 913 incolumis
1413 840 1742 933 Lycortas
1785 835 1880 922 (is
1948 833 2112 907 alter
2178 839 2278 906 im

489 944 907 1020 Achaeorum
959 952 1127 1038 erat)
1190 940 1543 1039 equitesque
1597 936 1969 1040 evqfiffimt?
2035 934 2400 1038 Postquam
2454 934 2541 1011 di·

488 1053 672 1123 stum
715 1048 843 1135 est,
888 1053 1228 1121 incolumes
1267 1044 1423 1143 ffb·
1473 1046 1654 1115 Bene
1692 1045 1917 1126 babet,
1968 1046 2221 1142 inquit3
2275 1061 2386 1125 et,
2433 1067 2546 1141 po·

491 1155 642 1227 culo
673 1147 977 1251 inpavide
1005 1147 1352 1233 exhaustO,
1402 1143 1580 1220 haud
1613 1152 1699 1219 ita
1723 1144 1937 1220 multo
1977 1142 2125 1244 post
2172 1140 2540 1244 exspiravit.

487 1263 649 1334 Non
680 1263 740 1349 t)
796 1254 1177 1342 diuturnum
1217 1260 1452 1324 mortis
1478 1258 1611 1345 ejus
1635 1246 1954 1350 gaudium
1981 1249 2368 1321 auctoribus
2410 1276 2540 1322 cru·

491 1359 765 1433 delitatis
793 1355 936 1432 fuit.
990 1360 1159 1435 vista
1186 1383 1474 1457 namque
1502 1350 1802 1427 Meffene
1832 1338 2009 1425 bello
2046 1347 2536 1451 exposcentibus

490 1469 769 1537 Achaeis
816 1467 1054 1534 noxios
1092 1457 1378 1553 dedidit,
1441 1455 1702 1557 ossaque
1769 1452 2020 1528 reddita
2066 1454 2534 1557 Philopoeme-

490 1573 589 1641 nis
632 1563 809 1639 sunt:
855 1586 916 1637 et
950 1561 1233 1664 sepultus
1269 1565 1350 1635 ab
1398 1556 1706 1634 universo
1745 1562 2040 1632 Achaico
2068 1558 2160 1631 est
2192 1567 2266 1655 ⁸⁸)
2321 1565 2533 1635 com·

489 1671 628 1755 lio,
656 1668 837 1743 ,adeo
869 1671 1175 1742 omnibus
1203 1672 1516 1741 humanis
1542 1661 1863 1764 congestis
1892 1664 2303 1748 honoribus,
2349 1686 2424 1736 ut
2457 1690 2535 1739 ne

360 1836 379 1859 ,
494 1772 739 1847 divinis
780 1772 1047 1875 quidem
1102 1771 1543 1845 abstineretur.
1684 1768 1786 1840 Ab
1845 1763 2270 1865 scriptoribus
2322 1782 2538 1841 renim

489 1883 752 1951 Graecis
793 1873 1155 1975 Latinisque
1193 1895 1441 1944 tantum
1483 1876 1640 1943 huic
1677 1876 1827 1942 viro
1857 1871 2196 1955 tribuitur,
2245 1890 2322 1942 ut
2346 1900 2389 1944 a
2417 1876 2541 1973 qui·

488 1978 759 2054 busdam
809 2006 1079 2060 eorum,
1136 1977 1310 2048 velut
1352 1972 1436 2045 ad
1475 1971 1803 2072 insignem
1853 1992 2081 2045 notam
2120 1978 2324 2069 hujus
2371 1981 2536 2058 anni,

487 2087 852 2156 memoriae
884 2077 1267 2152 mandatum
1298 2075 1410 2161 fit,
1455 2096 1584 2149 tres
1611 2077 1820 2149 claros
1850 2082 2284 2175 imperatores
2317 2106 2406 2152 eo
2441 2107 2533 2151 an·

487 2212 579 2259 no
622 2180 978 2268 decesfiffe,
1030 2183 1665 2281 Philopoemenem,
1703 2180 2218 2267 Hannibalem,
2298 2188 2374 2255 P.
2421 2188 2533 2257 Sci·

484 2294 783 2391 pionem.
829 2284 996 2361 adeo
1039 2293 1112 2360 in
1152 2312 1363 2387 aequo
1402 2312 1553 2357 eum
1612 2280 1902 2356 duarum·
1944 2284 2533 2384 potentiffimarum

485 2400 787 2497 gentium
814 2389 1085 2465 summis
1109 2389 1612 2491 imperatoribus
1637 2383 2007 2488 posuerunt.

636 2502 734 2569 LI.
778 2495 879 2567 Ad
910 2494 1194 2567 Prufiam
1226 2519 1450 2592 regem
1491 2493 1733 2592 legatus
1773 2494 1868 2564 T.
1916 2493 2272 2592 Qintstius
2311 2495 2532 2568 Flami·

490 2605 684 2673 ninus
713 2606 920 2683 venit,
960 2625 1157 2698 quem
1190 2592 1554 2695 suspectum
1585 2600 1910 2668 Romanis
1948 2618 2013 2668 et
2055 2621 2360 2696 receptus
2399 2596 2528 2699 post

486 2699 717 2800 fugam
773 2707 1082 2773 Antiochi
1126 2699 1501 2784 Hannibal,
1560 2721 1623 2772 et
1663 2698 1912 2771 bellum
1951 2697 2258 2774 adversus
2299 2706 2529 2776 Eume·

485 2832 646 2879 nem
694 2826 952 2876 motum
997 2801 1287 2877 faciebat.
1342 2804 1479 2887 ibi,
1539 2797 1648 2875 seu
1690 2809 1837 2902 quia
1884 2831 1921 2876 a
1949 2804 2335 2877 Flaminino
2370 2815 2534 2877 inter

483 2929 690 2981 cetera
730 2911 1059 3003 objectum
1096 2905 1349 2981 Prusiae
1397 2925 1561 2990 erat,
1618 2913 1971 2980 hominem
2016 2915 2362 2993 omnium,
2411 2913 2530 3009 qui

454 3018 813 3094 ,viverent,
870 3009 1353 3083 infestissimum
1402 3010 1658 3110 populo
1698 3013 2013 3083 Romano
2041 3009 2218 3112 apud
2257 3038 2418 3084 eum
2447 3005 2533 3083 es·

480 3110 581 3198 se,
624 3122 733 3214 qui
793 3121 1031 3211 patriae
1076 3111 1220 3187 suae
1263 3121 1601 3213 primum,
1648 3110 1921 3199 deinde,
1958 3109 2180 3189 stadiis
2219 3121 2356 3212 ejus
2399 3123 2533 3217 opi·

354 3271 359 3278 t
478 3219 634 3301 bus,
668 3222 1016 3289 ”Antiocho
1061 3244 1129 3289 re
1179 3225 1197 3289 i
1243 3219 1472 3326 aiffftor
1517 3217 1671 3290 belli
1719 3214 2015 3291 adversus
2040 3221 2382 3319 populum
2408 3224 2532 3293 Ro·

442 3347 759 3406 ⁴manum
810 3316 1056 3393 fuiffet:
1146 3349 1224 3394 eu
1267 3328 1420 3423 quia
1461 3319 1594 3420 ipse
1637 3319 1913 3407 PruliaS,
1953 3345 2025 3396 ut
2067 3323 2531 3423 gratificaretur

474 3422 794 3528 praesenti
824 3426 1203 3498 Flaminino
1231 3422 1564 3498 Romanis
1594 3454 1708 3511 ue,
1751 3452 1870 3526 per
1897 3421 1966 3498 se
1992 3426 2275 3500 necandi
2305 3449 2533 3502 auttra·

480 3527 676 3602 dendi
727 3538 859 3623 ejus
900 3536 972 3600 in
1008 3529 1386 3628 potestatem
1418 3455 1771 3601 coniilium
1802 3536 2005 3627 cepit3
2049 3560 2089 3606 a
2120 3538 2353 3631 primo
2385 3559 2533 3606 con-

473 3632 709 3734 loquio
754 3633 1108 3706 Flaminini
1164 3633 1411 3706 milites
1453 3632 1793 3732 extemplo
1837 3630 1919 3705 ad
1956 3631 2249 3709 domum
2279 3641 2534 3709 Hanni·

472 3737 637 3809 balis
683 3733 1174 3810 custodiendam
1222 3733 1391 3811 miffi
1435 3730 1596 3808 sunt.
1723 3740 2004 3834 Semper
2029 3737 2234 3811 talem
2278 3747 2528 3813 exitum

471 3835 643 3912 vitae
674 3835 821 3912 suae
849 3842 1187 3913 Hannibal
1213 3836 1627 3941 prospexerat
1653 3845 1923 3925 anim0,
1969 3860 2033 3912 et
2061 3845 2531 3917 Romanorum

470 3943 869 4044 inexpiabile
892 3941 1127 4019 odium
1154 3951 1235 4050 in
1259 3941 1326 4041 se
1358 3967 1668 4029 cernenS,
1707 3963 1771 4014 et
1793 3941 1952 4017 fidei
1983 3970 2220 4044 regum
2247 3949 2428 4023 nihil
2458 3943 2535 4018 sn·

2454 4072 2531 4121 ne

534 4170 606 4242 t)
645 4176 753 4230 Nec
779 4178 945 4234 (ἱκοῦ.
972 4180 1127 4246 δην,
1539 4177 1623 4251 u)
1656 4178 1722 4248 est
1751 4176 1853 4234 del.
1882 4178 2039 4235 Gran.
2084 4181 2231 4236 Creu.
