2732 4671
345 204 392 289 N
753 259 912 308 mn.
953 260 1240 310 xxxix
1344 259 1532 310 cm’.
1576 191 1839 311 itxvu
2163 238 2320 331 763

271 431 453 511 rint,
479 427 890 499 ·Maroneam
933 450 1178 523 quoque
1217 440 1414 546 atque
1425 426 1683 498 Aenum
1720 419 2320 547 profeffo'dediffe,

201 550 206 555 ·
272 555 432 629 quae
459 530 597 645 ipsit
623 535 1124 626 propinquitate
1158 535 1451 627 regionis
1495 533 1668 601 velut
1706 534 2083 623 adpendices
2123 536 2323 630 majo-

164 633 175 647 ’
271 640 373 705 ris
414 636 705 704 muneris
746 630 957 729 (ffent.
1095 635 1277 704 Nam
1320 636 1703 751 Philippum
1748 637 1998 731 quidem
2039 660 2161 729 quo
2207 649 2320 705 aut

273 741 504 809 merito
549 741 622 807 in
655 740 962 830 populum
1005 737 1405 821 Romanum,
1462 752 1575 808 aut
1597 739 1760 834 jure
1799 741 2084 830 imperii..
2124 762 2324 837 quum

274 855 410 914 tam
419 843 676 932 procul
699 867 739 910 a
763 834 1017 943 finibus
1053 836 1481 912 Macedoniae
1532 842 1775 939 absint,
1819 844 2188 913 civitatibus
2224 843 2325 912 lu‘s

260 945 594 1042 praesidia
623 932 1006 1044 inposuiffl‘?
1050 945 1305 1018 Vocari
1344 947 1734 1016 Maromtas
1741 947 2083 1042 juberent
2119 949 2200 1016 ab
2240 948 2325 1016 iis

278 1053 562 1121 certiora
589 1052 805 1118 omnia
830 1053 908 1118 de
911 1046 1103 1141 statu
1144 1053 1501 1120 civitatium
1547 1073 1771 1119 earum
1798 1046 2109 1142 scituros.
2210 1051 2327 1120 Le·

276 1155 410 1252 gati
457 1154 938 1222 Maronitarum
978 1159 1224 1235 vocati,
1285 1154 1444 1222 Non
1485 1176 1617 1224 uno
1660 1155 1795 1223 loco
1843 1165 2098 1223 tantum
2129 1154 2326 1241 ,urbis

269 1254 593 1353 praefidit.
597 1279 655 1335 m
699 1259 955 1359 regium
998 1244 1139 1352 effe,
1179 1256 1357 1355 ficut
1396 1259 1469 1326 in
1514 1258 1666 1326 aliis
1708 1257 2109 1338 civitatibus,
2153 1250 2330 1326 dixe-

277 1377 465 1441 runt,
494 1354 621 1450 fid
629 1361 935 1449 pluribus
956 1360 1197 1459 fimul,
1238 1373 1302 1433 et
1308 1360 1576 1449 plenam
1617 1354 2051 1431 Macedonum
2090 1360 2333 1429 Maro*

278 1485 463 1531 neam
497 1458 609 1555 effi
669 1465 886 1558 itaque
909 1466 1234 1535 dominari
1269 1460 1710 1556 adfi‘ntatoree
1738 1466 1982 1559 regios.
2032 1462 2130 1533 his
2155 1459 2329 1556 fiilis

281 1565 456 1659 loqui
488 1579 549 1635 et
579 1561 897 1658 infimata
924 1579 985 1638 et
1015 1570 1095 1638 in
1132 1568 1536 1639 concionibus
1573 1568 1778 1639 licere.
1818 1590 1922 1636 eos
1965 1589 2182 1637 omnes
2221 1568 2330 1637 ho·
2380 1591 2390 1605 ·

281 1689 476 1738 nores
505 1679 565 1738 et
592 1691 814 1759 capere
846 1666 1050 1762 ipsos,
1100 1683 1162 1740 et
1188 1671 1347 1761 dare
1389 1672 1556 1740 aliis.
1651 1669 1987 1763 Optimum
2015 1693 2335 1764 quemque,

197 1784 200 1791 ·
282 1772 508 1866 quibus
550 1772 909 1856 libertatis,
968 1775 1196 1868 quibus
1241 1776 1454 1869 legum
1498 1796 1656 1877 cura
1675 1775 1812 1874 fit,
1881 1786 1998 1843 aut
2037 1770 2333 1866 exsulare

266 1870 494 1966 pulsos
508 1878 786 1965 patria,
833 1889 952 1948 aut
987 1878 1412 1947 inhonoratos
1454 1890 1516 1947 et
1555 1878 1984 1953 deterioribus
2021 1879 2336 1946 obnoxios·

258 1977 477 2074 filare.
562 1979 707 2048 De
692 2002 830 2070 jure
869 1983 1063 2051 etiam
1107 1978 1346 2050 finium
1391 2003 1594 2076 pauca
1636 1975 2043 2074 adjecerunt:
2086 1979 2168 2072 Q.
2200 1981 2334 2050 F·a

278 2082 446 2153 bium
491 2078 891 2166 Labeonem,
965 2107 1155 2176 quum
1197 2087 1265 2154 in
1316 2087 1582 2178 regione
1617 2109 1691 2155 ea
1714 2084 1975 2181 flffit,
2038 2079 2340 2179 dirextffe
2462 2150 2469 2157 .

261 2180 470 2275 finem
505 2184 812 2274 Philippo
842 2197 1114 2257 veterem
1144 2188 1316 2254 viam
1344 2188 1636 2281 regiam,
1681 2211 1845 2280 quae
1887 2183 2066 2276 ηιμ)
2121 2188 2335 2258 Thra·
2358 2196 2361 2203 “

287 2289 417 2357 ciac
445 2286 843 2356 Paroreiam
867 2282 1134 2380 subeat,
1188 2284 1499 2382 nusquam
1543 2291 1634 2358 ad
1674 2311 1851 2360 mare
1891 2292 2337 2363 declinantem.

283 2391 665 2481 Philippum
693 2412 925 2460 novam
934 2388 1159 2484 postea
1205 2387 1515 2488 deflextffe
1554 2394 1761 2474 viam,
1798 2416 1926 2546 qua
1955 2394 2337 2544 Maronita-
2428 2381 2431 2388 ’

284 2517 436 2564 rum
477 2496 667 2561 urbes
695 2491 1006 2590 agrosque
1034 2494 1481 2586 ampleffatur.

433 2595 871 2668 xxvl11.Ad
900 2623 975 2668 ea
1003 2596 1345 2698 Philippus
1372 2596 1578 2696 longe
1606 2595 1841 2681 aliam,
1890 2624 2086 2698 quam
2118 2593 2341 2670 adver·

281 2692 384 2772 sus
410 2692 757 2774 Thessalos
785 2699 1303 2802 Pegrhaebosque
1337 2725 1585 2802 nuper,
1636 2695 1946 2799 ingress‘us
1994 2695 2341 2775 differendi

282 2803 498 2886 viam,
569 2805 729 2874 Non
777 2828 916 2874 cum
960 2806 1371 2888 Maronitis,
1411 2810 1656 2905 inquit,
1696 2807 1855 2876 milii
1888 2818 2004 2877 aut
2039 2830 2173 2877 cum
2202 2807 2343 2878 Eu-
2442 2859 2445 2866 «

280 2931 456 2979 mene
498 2903 866 3002 disteptatio
909 2905 1032 3002 θλ·
1084 2906 1211 3003 fid
1228 2912 1380 3008 jam
1408 2905 1463 3001 ¹)
1517 2907 1865 3028 vobffm,
1909 2912 2240 2991 Romani;
2299 2936 2343 2981 a

285 3015 510 3107 quibus
560 3012 732 3081 nihil
791 3016 972 3108 aequi
1029 3036 1123 3083 me
1163 3017 1503 3106 inpetrare
1522 3016 1675 3133 jani
1716 3015 1829 3085 diu
1871 3018 2340 3085 animadverto.

287 3112 609 3186 Civitates
639 3114 1109 3210 Macedonum,
1145 3140 1311 3214 quae
1341 3143 1383 3194 a
1422 3141 1519 3187 me
1560 3120 1735 3189 inter
1773 3120 2072 3189 inducias
2114 3119 2352 3213 defece·

287 3230 495 3300 rant,
545 3220 733 3288 reddi
774 3221 926 3290 milii
976 3244 1242 3317 aequum
1290 3219 1643 3316 censebam3
1715 3247 1851 3292 non
1897 3228 2051 3317 quia
2091 3246 2339 3320 magna

287 3321 530 3412 acceffio
563 3345 640 3393 ea
665 3326 856 3418 regni
865 3323 1124 3416 futura
1152 3323 1333 3420 effet,
1368 3322 1555 3417 (sunt
1592 3328 1761 3397 enim
1807 3341 1869 3395 et
1899 3349 2126 3416 parva
2158 3330 2339 3418 oppi-

288 3425 415 3509 da,
457 3437 518 3493 et
547 3426 619 3494 in
626 3422 887 3517 finibus
909 3432 1208 3497 extremis
1228 3428 1478 3524 posita)
1490 3424 1619 3520 sed
1640 3430 1791 3522 quia
1815 3430 2086 3498 multum
2130 3431 2221 3499 ad
2245 3453 2344 3498 rc·

289 3533 503 3624 liquos
531 3529 935 3600 Macedonas
979 3532 1403 3601 continendos
1440 3532 1784 3623 exenqvlum
1805 3534 2196 3622 pertinebat.
2236 3556 2343 3602 ne·

279 3644 519 3730 gutum
552 3626 639 3723 est
670 3633 843 3704 mihi.
921 3634 1113 3705 Bello
1134 3629 1435 3705 Aetolico
1467 3635 1770 3705 Lamiam
1802 3637 2180 3730 obpugnare
2200 3633 2345 3734 jus

268 3732 398 3830 sus
425 3761 464 3803 a
495 3729 741 3827 consule
763 3737 888 3806 Μ’.
905 3736 1165 3820 Acilio,
1204 3762 1396 3834 quum
1427 3739 1539 3809 dtu
1549 3738 1910 3834 fatigatus
1952 3742 2040 3809 ibi
2072 3742 2346 3831 proeliis

290 3834 708 3934 operibusque
750 3835 959 3932 effem,
1008 3839 1558 3935 transcendentem
1602 3865 1700 3911 me
1719 3844 1873 3939 jam
1917 3851 2137 3914 neuros
2181 3868 2223 3912 a
2253 3869 2349 3913 ca-

284 3954 410 4033 pta
422 3964 639 4033 prope
665 3944 823 4012 urbe
841 3949 1168 4038 revocavit
1198 3941 1459 4037 consul,
1492 3959 1555 4018 et
1594 3947 1905 4018 abducere
1943 3950 2160 4042 copias
2199 3948 2350 4020 inde

367 4169 437 4243 k)
474 4173 538 4225 ml
563 4171 664 4229 aa.
691 4178 830 4231 cm.
1063 4155 1075 4173 “
1230 4139 1240 4160 ’
1488 4176 1563 4250 1)
1591 4179 1735 4234 ecem
1763 4179 1928 4236 eron.
2036 4159 2039 4164 ’
2118 4068 2345 4151 ΜΨ·
2396 4111 2399 4112 ἡ
