2732 4671
781 232 1317 286 timxxxxx
1425 235 1894 287 camatxn
2077 250 2085 266 ·
2182 232 2339 309 '757

185 434 190 441 ·
243 412 416 471 'tum
450 396 582 471 estc
703 397 1145 474 Novemdiale
1188 397 1427 473 deinde
1460 397 1714 474 sacrum
1741 405 1986 484 tenuit,
2023 396 2207 501 quod
2252 405 2326 476 in

273 507 514 595 Piceno
539 529 659 603 per
685 501 971 576 triduum
1003 501 1326 604 lapidibus
1353 504 1639 604 pluerat,
1688 501 1995 604 ignesque
2021 502 2323 576 coelestes

274 602 702 679 multifariam
732 614 856 679 orti
885 605 1171 681 aduffisse
1200 604 1650 708 complurium
1678 609 1809 681 levi
1849 604 2087 681 adflatu
2139 607 2319 680 vesti-

270 730 492 783 menta
523 717 809 782 maxime
844 708 1233 785 dicebantur.
1379 708 1620 785 Addita
1647 734 1708 785 et
1732 739 1942 786 unum
1970 707 2150 782 diem
2180 706 2321 810 sup-

265 815 539 913 plicatio
571 813 662 885 est
697 826 776 887 ex
806 810 1068 889 decreto
1085 814 1531 917 pontificum,
1586 815 1764 917 quod
1810 813 1996 888 aedes
2039 818 2204 913 Opis
2241 820 2319 890 in
2414 886 2415 889 ,

266 916 606 1016 Capitolio
640 914 723 990 de
753 914 947 992 coelo
975 921 1140 992 tasta
1167 940 1314 992 erat.
1357 919 1589 992 hostiis
1619 920 1975 1017 majoribus
2012 914 2313 990 consules

173 1108 174 1111 Ἴ
261 1040 722 1121 procurarunt,
767 1025 1126 1124 urbemque
1167 1022 1609 1097 lustraverunt.
1752 1024 1882 1096 Sub
1926 1020 2103 1094 idem
2146 1043 2313 1094 tem·

261 1152 381 1225 pus
410 1144 473 1195 et
503 1152 580 1196 ex
613 1127 890 1221 Umbria
920 1134 1299 1200 nunciatum
1329 1126 1458 1227 est3
1499 1124 1915 1210 semimarem
1947 1121 2310 1199 duodecim

261 1223 476 1299 ferme
501 1256 704 1313 annos
735 1252 960 1302 natum
999 1237 1362 1304 inventum.
1410 1226 1479 1302 id
1514 1228 1892 1331 prodigium
1922 1230 2309 1301 abominan-

259 1351 388 1415 tes,
437 1340 638 1404 arceri
667 1337 978 1405 Romano
1010 1359 1168 1433 agro
1208 1341 1554 1434 necarique
1597 1328 2088 1435 quamprimum
2130 1328 2311 1425 suffe·

257 1453 426 1505 runt.
569 1434 827 1508 Eodem
868 1464 1045 1510 anno
1087 1435 1260 1510 Galli
1307 1434 1770 1537 Transalpini,
1822 1433 2177 1536 transgieffi
2221 1441 2298 1509 in.

257 1543 606 1613 Venetiam
636 1537 771 1611 fine
797 1542 1223 1641 populatione
1257 1562 1366 1612 aut
1396 1541 1573 1614 bello
1591 1595 1612 1625 ‚
1650 1538 1822 1614 haud
1850 1539 2083 1640 procul
2121 1537 2302 1627 inde3

256 1643 370 1713 ubi
412 1667 587 1714 nunc
631 1645 933 1744 Aquileia
979 1644 1103 1728 est,
1155 1644 1387 1716 locum
1430 1643 1682 1744 oppido
1723 1640 2075 1719 condendo
2118 1664 2311 1741 cepeff

254 1766 424 1816 runt.
567 1750 820 1846 Legatis
865 1752 1223 1830 Romanis,
1281 1746 1363 1820 de
1395 1774 1469 1819 ea
1509 1776 1576 1821 re
1616 1768 1788 1820 trans
1830 1747 2030 1846 Alpes
2071 1741 2301 1831 missis,

251 1844 633 1947 responsum
669 1844 780 1933 est,
811 1854 1033 1948 Neque
1040 1852 1383 1946 profiHes
1408 1876 1486 1921 ex
1512 1851 1903 1924 auHoritate
1918 1856 2146 1949 gentis
2171 1875 2298 1934 eos,

251 1978 401 2036 nec,
446 1956 610 2048 quid
630 1957 701 2025 in
728 1958 1293 2051 Italiafacerent,
1316 1952 1396 2049 se
1404 1953 1599 2049 scire.
1727 1959 1796 2027 L.
1843 1959 2069 2053 Scipio
2099 1949 2294 2025 ludos

252 2080 336 2125 eo
379 2073 710 2152 tempore,
770 2085 937 2155 quos
978 2057 1159 2128 bello
1201 2062 1515 2130 Antiochi
1560 2055 1803 2132 vovisse
1843 2053 1969 2130 sese
2019 2054 2294 2141 dicebat,

254 2184 337 2229 ex
380 2158 634 2233 conlata
672 2155 753 2229 ad
796 2155 867 2230 id
909 2165 1182 2259 pecunia
1226 2164 1303 2233 ab
1345 2163 1600 2258 regibus
1648 2156 2132 2260 civitatibusque
2171 2186 2293 2259 per
2422 2174 2459 2211 S
2518 2204 2529 2215 κ

251 2258 391 2331 dies
425 2255 657 2331 decem
684 2256 858 2332 fecit.
1006 2265 1318 2360 Legatum
1346 2288 1500 2333 eum
1527 2262 1674 2361 post
1703 2262 2197 2335 damnationem
2231 2264 2305 2334 et‘

249 2366 424 2437 bona
458 2361 717 2436 vendita
742 2361 1008 2437 missum
1036 2373 1106 2437 in
1136 2362 1393 2451 Asiam,
1430 2363 1512 2437 ad
1543 2364 1911 2461 dirimenda
1955 2374 2124 2437 inter
2161 2371 2295 2437 An·
2370 2379 2401 2399 ⁸

249 2471 556 2539 tiochum
586 2489 649 2539 et
671 2474 1043 2547 Eumenem
1075 2495 1256 2567 reges
1286 2476 1673 2555 certamina,
1723 2470 2021 2542 Valerius
2062 2475 2291 2542 Antias

251 2569 345 2643 est
372 2574 615 2644 audior.
653 2592 794 2644 tum
823 2573 1104 2646 conlatas
1133 2580 1193 2644 ei
1228 2579 1551 2672 pecunias,
1592 2569 2142 2672 congregatosque
2171 2565 2291 2670 pet*

251 2671 478 2747 Afiam
519 2675 826 2748 artifices:
865 2697 966 2762 et,
1020 2687 1301 2776 quorum
1344 2674 1655 2749 ludorum
1701 2676 1843 2776 post
1884 2676 2293 2759 bessum‚'in

248 2804 387 2878 quo
420 2796 608 2850 votos
637 2776 917 2865 diceret,
968 2786 1546 2851 mentionemnon
1571 2777 1850 2866 fecisset,
1902 2777 1985 2853 de
2022 2786 2104 2853 iis
2141 2775 2293 2880 post

245 2882 648 2983 legationem
675 2881 947 2955 demum
977 2890 1049 2954 in
1087 2880 1304 2957 senatu
1329 2886 1571 2957 acstum.
2282 2897 2285 2902 ’

395 2990 623 3058 XXIII.
671 2993 891 3074 Quum
924 2995 1054 3084 jam
1084 2996 1154 3060 in
1179 2995 1352 3061 exitu
1393 3016 1597 3060 annus
1639 2982 1820 3072 esset,
1870 2989 2290 3086 QMarciue

246 3083 470 3159 absens
510 3091 880 3190 magistratu
922 3093 1202 3165 abiturus
1248 3111 1397 3164 erat.
1475 3098 1582 3191 Sp.
1625 3091 2030 3176 Postumium,
2102 3114 2323 3198 quae·⁸

121 3275 142 3283 ,
217 3190 564 3265 =ssionibus
609 3224 760 3266 cum
803 3190 1061 3268 summa
1102 3192 1234 3268 fide
1283 3223 1560 3297 curaque
1595 3191 1939 3295 perfetstiz
2011 3198 2288 3266 comitia

247 3296 490 3368 habuit.
541 3307 729 3371 creati
777 3295 919 3369 sunt
963 3296 1260 3373 consules
1309 3304 1432 3395 Ap.
1483 3296 1792 3370 Claudius
1835 3298 2143 3379 Pulcher,
2184 3298 2291 3368 M.

239 3403 680 3498 Sempronius
709 3400 1100 3473 Tuditanus.
1243 3399 1508 3473 Postero
1552 3399 1659 3472 di'e
1689 3422 2010 3499 praetores
2036 3393 2190 3470 faeti
2220 3401 2288 3468 P.
2368 3412 2372 3415 ⁴
2416 3409 2421 3414 “

247 3503 599 3581 Cornelius
626 3510 992 3605 Cethegus,
1035 3509 1114 3577 A.
1140 3502 1509 3577 Postumius
1541 3505 1837 3600 Albinu8‚
1876 3508 1953 3575 C.
1986 3497 2291 3622 pfranius

245 3607 515 3692 Stellio,
580 3613 657 3680 C.
708 3610 940 3683 Atilius
973 3612 1315 3695 Serranus,
1350 3612 1424 3680 L.
1452 3608 1816 3706 Postumius
1845 3600 2291 3704 Tempsanus,

245 3714 350 3784 M.
382 3709 692 3800 ,Claudius
728 3713 1150 3786 Marcellinus
1173 3720 1265 3807 ¹¹).
1400 3716 1717 3786 Extremo
1756 3717 1908 3783 anni
1930 3764 1949 3794 ,
2047 3714 2151 3779 uia
2181 3711 2288 3805 Sp.

245 3813 613 3888 Postumius
662 3811 889 3888 consul
926 3822 1447 3898 renunciaverat.
1509 3842 1658 3916 pera
1709 3837 1958 3888 rantem
2004 3736 2081 3885 (se
2137 3837 2292 3909 pro·

246 3939 395 4019 pter
426 3919 826 4020 quaestiones
856 3939 1205 4025 utrumque
1233 3921 1385 3994 litus
1414 3922 1631 3996 Italiae
1703 3916 1925 3994 e'sertas
1969 3915 2292 3999 colonia3‚

541 4047 544 4050 ·
1177 4025 1286 4098 Bb
1322 4025 1363 4097 b
1402 4049 1435 4113 3
2054 4024 2291 4126 Sipon-

315 4149 391 4220 a)
438 4155 704 4208 Marcellus
729 4145 879 4209 cr‘ev.
2192 4123 2205 4138 ⁸
