2732 4671
436 223 729 319 786'
1223 186 1760 295 oe.1.1v11

447 416 700 487 tebatur
738 434 841 497 et,
902 432 1507 515 utrum-manerent
1552 419 1623 484 in
1663 412 1959 484 Achaico
2002 412 2302 484 concilio
2330 415 2528 483 Lace·

452 516 830 605 daemonii3
894 546 1011 601 an,
1060 538 1129 587 ut
1168 530 1335 588 ante-
1360 513 1609 601 fuerat,
1666 513 1984 588 secretum
2031 525 2165 611 ejus
2209 522 2408 586 unius
2455 523 2530 586 in

452 617 913 721 Peloponneso
945 627 1219 693 civitatis
1245 629 1339 715 jus
1372 618 1543 693 esset.
1625 619 1956 704 -Ressitui,
2007 619 2389 718 judiciaque
2440 615 2527 690 sa·

455 729 557 799 &a
599 726 744 797 tolli
804 725 1083 823 placuit:
1127 722 1690 799 Lacedaemonem
1756 750 2020 796 manere
2083 732 2155 795 in
2220 728 2527 794 Achaico

460 830 785 904 coneilio:
826 825 1151 929 scribique
1193 826 1260 900 id
1307 826 1676 912 decretum,
1731 848 1794 898 et
1833 825 2208 926 consignari
2253 856 2293 897 a
2333 831 2525 899 Lace·

2557 874 2562 883 a

461 932 831 1006 daemoniis
879 954 942 1003 et
984 937 1277 1005 Achaeis.
1439 937 1712 1031 Legatus
1769 938 1840 1002 in
1899 930 2384 1003 Macedoniam
2445 934 2558 1028 Q

458 1043 754 1113 Marcius
797 1035 886 1108 est
929 1031 1181 1108 miffus:
1241 1032 1434 1130 jussus
1478 1036 1658 1107 idem
1707 1042 1777 1107 in
1808 1029 2274 1133 Peloponneso
2318 1028 2526 1105 socio·

469 1170 623 1214 rum
671 1169 770 1212 res
813 1136 1155 1238 adspicere.
1222 1166 1378 1211 nam
1422 1141 1513 1211 ibi
1559 1165 1818 1240 quoque
1865 1160 1928 1210 et
1966 1139 2408 1211 ex'veteribus
2437 1137 2528 1209 di·

386 1332 391 1333 ff
468 1243 736 1318 scordiis
782 1240 1015 1314 residui
1056 1261 1275 1316 motus
1319 1266 1535 1326 erant,
1586 1263 1649 1313 et
1709 1237 2004 1315 Messene
2055 1239 2422 1314 desciverat
2491 1269 2524 1311 a

469 1349 759 1423 concilio
791 1352 1106 1419 AchaicO.
1140 1354 1331 1441 cujus
1364 1348 1522 1418 belli
1552 1368 1614 1418 et
1636 1342 1869 1418 caussas
1901 1353 1967 1439 q)
2012 1367 2075 1417 et
2103 1345 2429 1421 ordinem
2477 1341 2520 1415 fi

469 1476 859 1551 expromere
904 1451 1144 1534 velim,
1212 1457 1552 1521 inmemor
1591 1447 1714 1520 sun
1754 1447 2104 1548 propositi,
2167 1475 2306 1549 quo
2351 1448 2522 1519 statui

468 1583 613 1628 non
659 1556 822 1628 ultra
872 1551 1209 1653 adtingere
1254 1574 1547 1638 externa.
1604 1551 1726 1627 nisi
1774 1581 1898 1654 qua
1929 1558 2256 1626 Romanis
2300 1558 2522 1625 cobar»

466 1679 685 1737 terent
713 1665 775 1753 ¹)
830 1661 1033 1729 rebus.

623 1765 842 1833 XLIX.
885 1767 1172 1834 Eventus
1204 1762 1656 1835 memorabilis
1682 1760 1807 1843 est,
1865 1756 2079 1860 qnod.
2143 1787 2362 1860 quum
2403 1759 2519 1832 bel·

473 1866 546 1941 lo
592 1862 952 1963 superiores
1000 1861 1196 1936 essent
1233 1871 1514 1948 Achaei,
1577 1865 2063 1961 Philopoemen
2121 1887 2390 1962 praetor
2429 1891 2525 1936 eo·

462 1990 618 2041 'rum
647 1974 932 2065 capitur,
984 1965 1063 2037 ad
1091 1964 1702 2065 praeoccupandam
1734 1972 2053 2039 Coronen
2081 1964 2521 2066 (profe-stus)

475 2098 670 2172 quam
725 2068 941 2141 hostes
992 2070 1328 2166 petebant,
1375 2076 1446 2142 in
1493 2069 1659 2142 valle
1710 2076 1936 2171 iniqua
1999 2099 2154 2143 cum
2205 2064 2521 2172 equiiibtir

467 2179 683 2273 paucis
729 2167 1077 2270 obpressus.
1220 2169 1447 2272 lpsum
1500 2169 1778 2272 potuiss'e
1833 2170 2121 2271 effugere
2178 2180 2522 2248 Thracum

466 2274 1015 2375 Cretensiumque
1056 2276 1303 2349 auxilio
1347 2275 1623 2351 tradunt.
1681 2273 1788 2349 sed
1832 2276 2050 2376 pudor
2107 2278 2522 2381 relinquendi

474 2389 757 2483 equites,
806 2379 1251 2458 ‚nobiliffimos
1290 2388 1539 2480 geum,
1598 2382 1675 2453 ab
1718 2378 1858 2480 ipso
1906 2408 2122 2481 nuper
2160 2384 2416 2469 ledros,
2451 2407 2522 2454 te

474 2495 635 2562 nuit.
681 2475 914 2585 qtffius
960 2481 1121 2556 dum
1161 2483 1390 2557 locum
1435 2484 1515 2557 ad
1556 2483 1912 2558 evadendas
1941 2485 2267 2584 angustias
2295 2513 2518 2588 cogen-

475 2588 566 2663 do
602 2585 736 2686 ipse
762 2612 1001 2686 agmen
1041 2590 1333 2686 praebet.
1370 2585 1682 2662 sustinens
1715 2595 1966 2687 inpetus
1995 2589 2337 2676 hostium3
2387 2615 2522 2689 pro·

460 2688 654 2792 lapso
693 2717 901 2790 equo.,
956 2710 1018 2761 et
1069 2686 1181 2762 suo
1231 2689 1362 2790 i‘pse
1406 2689 1603 2776 casu.,-
1630 2713 1693 2765 et
1727 2719 1927 2764 onere
1971 2701 2123 2793 equi
2154 2690 2350 2793 super
2378 2720 2520 2766 eum

458 2801 754 2878 ruentis,
811 2791 982 2866 haud
1024 2795 1307 2869 multum
1349 2793 1595 2881 abfuit,
1671 2803 1833 2896 quin
1879 2805 2391 2882 exanimaretur,
2439 2793 2522 2868 se-

463 2905 805 2999 ptuaginta
836 2924 1041 2988 annos
1074 2905 1201 2991 jam
1235 2921 1453 2985 natm,
1506 2922 1570 2972 et
1619 2897 1873 2972 diutino
1924 2903 2207 2985 morbo,
2270 2928 2347 2972 ex
2387 2925 2522 2999 quo

466 3023 619 3075 tum
650 3008 945 3100 primum
976 3001 1414 3086 reficiebatur,
1449 3006 1694 3076 viribus
1740 3000 2113 3077 admodum
2153 3001 2523 3078 adtenuaris.

462 3112 790 3201 jacentem
848 3102 1063 3175 hostes
1128 3099 1438 3203 superfufi
1516 3102 1990 3205 obpresserunt:
2049 3116 2524 3209 cogninu‘nque

468 3215 769 3308 -primum
797 3234 833 3278 a
865 3204 1252 3279 verecundia
1284 3218 1740 3310 memoriaque
1770 3218 2199 3298 meritorum,
2241 3210 2424 3286 haud
2449 3207 2528 3282 se-

478 3339 591 3384 cus
648 3338 844 3411 quam
883 3307 1115 3382 ducem
1158 3306 1377 3397 suum,
1447 3311 1772 3388 adtollunt
1801 3315 2273 3418 reficiuntque,
2335 3337 2400 3387 et
2454 3339 2524 3386 ex

474 3414 646 3488 valle
686 3412 873 3487 devia
919 3420 990 3486 in
1030 3421 1203 3487 viam
1233 3438 1523 3513 portant,
1571 3427 1680 3491 vix
1723 3416 1976 3490 sibimet
2009 3419 2131 3518 ipsi
2164 3447 2322 3520 prae
2346 3444 2530 3492 neco·

476 3526 706 3620 pinato
749 3515 990 3618 gaudio
1034 3516 1397 3606 credentes3
1452 3548 1596 3620 pars
1647 3529 1923 3596 nuncios
1960 3521 2311 3596 Messenen
2362 3549 2536 3623 prae·>

478 3630 784 3703 mittunt.
838 3620 1229 3694 debellatum
1277 3621 1435 3709 effe,
1501 3626 2101 3722 Philopoemenem
2159 3651 2432 3727 captum
2475 3634 2528 3718 ⁸)

475 3722 729 3798 adduci.
830 3730 1127 3798 Primum
1160 3724 1326 3800 adeo
1356 3729 1755 3810 incredibilis
1782 3727 1917 3803 visa
1944 3758 2078 3814 κε,
2136 3752 2205 3802 ut
2235 3759 2390 3805 non
2418 3755 2529 3830 pru

472 3855 647 3902 vano
695 3825 942 3913 mod0‚
993 3825 1104 3902 sed
1146 3838 1257 3903 vix
1298 3858 1424 3932 pro
1471 3830 1628 3906 sano
1659 3841 1941 3908 nuncius
1969 3832 2313 3917 audiretur.
2363 3835 2530 3908 dein·

2436 3934 2530 4017 de,

542 4097 625 4233 q?
660 4096 847 4163 cansam
878 4101 1045 4152 Gron.
1076 4103 1225 4153 Crev.
1497 4101 1560 4172 s)
1594 4116 1785 4169 captum
1812 4102 1914 4158 del.
1950 4105 2110 4160 Gran.

537 4181 565 4216 ι·
641 4166 889 4254 cohaerent
916 4171 1081 4223 (ἐι-οη.
1113 4173 1260 4224 crev-
