2732 4671
700 186 1301 277 .1.1n.xxx12t
1407 221 1847 273 car-trit
1937 198 1946 203 ’
2049 190 2056 195 ’
2179 221 2325 293 791

460 356 476 371 ι
1694 348 1708 375 ⁸

214 436 221 449 ι
267 393 522 460 viorcm
582 381 740 481 effe,
795 415 992 487 quam
1040 385 1265 471 vellet,
1335 394 1675 460 minorem
1723 387 1941 460 filium
1998 384 2309 461 censebat.

264 486 736 562 offendebatur
779 489 1109 565 interdum
1155 488 1471 564 concursu
1523 492 1976 567 Macedonum
2021 489 2102 562 ad
2132 478 2311 577 eum,

153 633 163 643 ·
263 616 327 666 et
367 594 629 665 alteram
685 602 817 688 jam
861 591 926 666 se
971 602 1127 666 vivo
1175 600 1422 694 regiam
1454 592 1578 667 effe
1606 595 2080 693 indignabatur.
2223 601 2308 666 Et

258 695 397 795 ipse
428 704 675 791 juvenis
704 694 874 770 haud
906 694 1100 771 dubie
1131 696 1417 769 inflatior
1454 698 1764 783 redierat,
1823 694 2112 773 subnisus
2157 690 2344 796 erga'

255 798 322 873 se
367 798 624 894 judiciis
668 797 963 886 senatus‚'
1012 799 1450 903 conceffisque
1490 800 1645 888 fibi,
1703 829 1864 905 quae
1891 809 2055 901 patri
2082 824 2310 899 negata

258 900 487 975 esseut:
527 925 589 976 et
626 912 842 978 omnis
881 912 1136 978 mentio
1179 909 1683 993 Romanorum,
1737 927 2045 1006 quautam
2088 903 2305 1003 digni·

256 1028 452 1079 tatem
513 1014 571 1078 ei
630 1006 802 1107 apud
855 1016 1101 1081 ceteros
1161 1009 1601 1095 Macedonas,
1643 1030 1889 1081 tantam
1956 1009 2300 1095 iuvidiam,

253 1137 397 1185 nou
430 1108 600 1209 apud
630 1107 891 1185 fratrem
921 1110 1167 1198 mode,
1206 1109 1320 1185 sed
1353 1121 1547 1186 etiam
1580 1112 1750 1212 apud
1797 1119 2084 1196 Patrem,
2144 1140 2299 1183 con-

253 1203 536 1286 ciliabat}
593 1223 810 1315 utique
853 1215 1195 1316 postquam
1239 1216 1345 1288 alii
1384 1216 1577 1316 legati
1629 1222 1909 1289 Romani
1957 1238 2296 1301 venerunt,

255 1339 319 1388 et
355 1320 702 1417 cogebatur
742 1317 1051 1391 decedere
1093 1324 1424 1404 Thracia,
1482 1318 1919 1421 praesidiaque
1960 1318 2300 1404 deducere,

253 1441 318 1491 et
346 1421 506 1506 alia‚
556 1442 662 1494 aut
688 1449 765 1493 ex
800 1420 1058 1495 decreto
1085 1431 1383 1521 priorum
1411 1423 1815 1523 legatorum,
1858 1445 1964 1495 aut
2007 1451 2082 1495 ex
2113 1450 2287 1495 nova
2357 1492 2366 1515 ,

252 1523 717 1597 constitutione
742 1523 1023 1612 semum,
1074 1524 1306 1598 facere.
1405 1526 1531 1599 Sed
1565 1536 1790 1600 omnia
1814 1553 2118 1598 moerens
2151 1534 2292 1626 qui-

249 1625 403 1699 dem
451 1649 512 1701 et
552 1654 857 1727 gemeus,
921 1633 1042 1718 (eo
1092 1636 1337 1728 magis,
1394 1630 1579 1731 quod
1625 1631 1840 1703 filium
1899 1627 2293 1730 frequentio-

250 1759 392 1804 rem
428 1758 636 1831 prope
668 1762 820 1806 cum
852 1734 1013 1817 illis‚
1057 1761 1254 1834 quam
1283 1730 1544 1818 secum,
1589 1735 1926 1828 cernebat)
1989 1731 2320 1825 obedien-⁸

244 1856 342 1908 ter
372 1859 591 1909 tamen
618 1832 912 1909 adversus
938 1843 1282 1910 Romanos
1311 1834 1616 1923 faciebat,
1661 1864 1745 1910 ne
1774 1865 1966 1937 quam
2023 1863 2298 1911 moven-

242 1936 314 2012 di
344 1939 678 2038 extemplo
708 1940 862 2012 belli
881 1935 1158 2012 cauffam
1189 1943 1543 2040 praeberet.
1645 1938 2052 2014 Avertendos
2089 1946 2286 2012 etiam

245 2050 504 2115 animos
529 2070 566 2113 a
590 2039 957 2141 suspicione
998 2044 1229 2114 talium
1271 2042 1704 2117 consiliorum
1743 2065 1941 2130 ratiis,
1995 2041 2290 2115 mediam

245 2153 323 2217 in
350 2148 717 2217 Thraciam
751 2152 1105 2217 exercitum
1134 2152 1203 2215 in
1237 2144 1557 2237 Odrystw,
1604 2170 1665 2218 et
1707 2147 2133 2219 Dentheletos
2189 2154 2291 2243 Ζ),

246 2268 312 2320 et
352 2243 567 2319 Beffos
616 2244 815 2321 duxit.
926 2248 1432 2346 Philippopolin
1471 2250 1731 2332 urbem,
1775 2246 1931 2349 fuga
1973 2247 2292 2322 desertam

180 2339 193 2358 ¹
245 2349 759 2450 oppidanorum,
812 2358 923 2452 qui
953 2359 1023 2423 in
1053 2359 1358 2450 proxima
1386 2358 1721 2424 montium
1749 2359 1893 2453 juga
1924 2381 2075 2425 cum
2106 2351 2294 2424 samir

245 2456 349 2529 liis
376 2475 743 2555 receperant
772 2451 937 2538 sese,
978 2462 1180 2553 cepit:
1234 2452 1745 2555 campestresque
1789 2457 2125 2539 barbaros,
2176 2452 2314 2526 de-·

240 2559 588 2660 populatus
632 2585 822 2658 agros
862 2585 1130 2642 eorum,
1172 2566 1259 2632 in
1294 2557 1697 2631 deditionem
1744 2565 2008 2658 accepit.
2054 2559 2286 2632 relic‘lo

241 2661 404 2737 inde
434 2661 513 2735 ad
538 2662 1034 2761 Philippopolin
1063 2660 1416 2759 praesidio,
1460 2660 1636 2763 quod
1681 2660 1852 2735 haud
1896 2663 2107 2734 multo
2141 2661 2287 2761 post

241 2770 324 2841 ab
352 2765 624 2860 Odrysis
647 2761 983 2864 expulsum
1014 2765 1140 2849 est,
1189 2757 1513 2864 oppidum
1542 2773 1613 2838 in
1657 2771 1998 2864 Deuriopo
2043 2765 2286 2838 conde·
2356 2772 2392 2782 “

238 2899 316 2945 re
346 2870 636 2943 instituit.
736 2876 1056 2942 Paeoniae
1087 2896 1160 2939 ea
1193 2877 1374 2968 regio
1405 2869 1494 2940 est
1522 2895 1728 2969 prope
1757 2875 2125 2968 Erigonum
2171 2869 2288 2943 flu·
2323 2887 2330 2902 ⁴

235 2982 463 3064 vium3
507 2981 656 3075 qui,
707 2965 797 3046 ex⁴
822 2973 1093 3064 Illyrico
1124 2999 1242 3070 per
1270 2978 1620 3045 Paeoniam
1651 2973 1892 3058 fluens,
1932 2980 2000 3045 iu
2031 2979 2274 3046 Axium

236 3106 511 3154 amnem
541 3076 767 3150 editur.
872 3073 1067 3154 Haud
1094 3077 1327 3174 procul
1361 3080 1610 3160 Stobis.,
1670 3098 1880 3149 vetere
1922 3078 2115 3160 urbe,
2167 3102 2287 3148 no-

238 3210 396 3256 vam
426 3182 652 3253 urbem
682 3175 996 3265 Perseida,
1043 3199 1113 3252 ut
1141 3187 1193 3252 is
1224 3180 1373 3254 filio
1407 3189 1642 3276 majori
1670 3182 2011 3254 haberetur
2042 3185 2283 3267 honos.‚

231 3283 544 3386 adpellari
578 3283 759 3380 juffit.

379 3394 543 3461 LIV.
604 3393 789 3460 Dum
829 3390 992 3459 haec
1027 3392 1100 3458 in
1142 3384 1544 3459 Macedonia
1583 3407 1927 3483 gematur,
1978 3383 2276 3458 consules

164 3521 169 3522 ⁷
235 3502 316 3570 in
347 3498 716 3591 provincias
741 3486 1045 3590 profeQi.
1200 3490 1553 3562 Marcellus
1599 3496 1916 3560 nuncium
1948 3487 2277 3587 praemifit

232 3596 323 3671 ad
365 3601 436 3668 L.
479 3600 787 3667 Porcium
836 3588 1339 3692 proconsulem,
1383 3613 1471 3664 ·ut
1509 3588 1587 3664 ad
1636 3620 1885 3665 nov-um
1932 3592 2279 3664 Gallorum

234 3698 561 3799 oppidum
584 3699 877 3795 legiones
911 3695 1303 3769 admoveret.
1408 3695 1798 3769 Advenienti
1831 3693 2080 3768 consuli
2131 3695 2278 3768 Gal-

232 3805 288 3878 li
341 3799 465 3874 sese
510 3799 912 3873 dediderunt.
983 3798 1332 3873 duodecim
1379 3800 1593 3871 millia
1635 3821 2032 3872 armatorum
2083 3820 2281 3870 erant.

235 3905 537 4007 plerique
563 3932 741 3977 arma
785 3927 865 3975 ex
890 3911 1055 4004 agris
1086 3925 1262 4004 rapta
1294 3906 1631 3977 habebant.
1676 3931 1747 3975 ea
1778 3930 1968 4004 aegre
1988 3909 2280 4005 patienti·

1190 4006 1389 4084 Ddd
1439 4033 1488 4095 4
2163 4007 2279 4079 bus

307 4139 377 4210 z)
411 4141 736 4195 Damlaeelem
765 4137 929 4198 (ἕπου.
957 4145 1105 4199 αρν.
