2732 4671
878 247 1070 297 2113.
1132 206 1351 300 xx⁸v1
1481 246 1695 297 cnr.
1747 248 1851 297 xL
2268 252 2350 319 51

245 412 410 490 aliae
435 418 517 486 in
543 429 805 487 terram
835 419 1036 489 remis
1060 415 1387 512 abreptae,
1423 438 1589 485 mox
1614 411 1889 517 praedae
1933 408 2121 499 fuere
2151 416 2344 490 Thu·

257 526 417 592 rinis
447 513 1091 619 Metapontinisque.
1138 544 1215 588 ex
1234 524 1548 591 onerariis
1565 573 1586 603 ,
1635 545 1797 618 quae
1824 548 1978 591 cum
2012 512 2344 594 commea-

259 644 327 698 tu
348 620 820 725 sequebantur,
860 642 1217 720 perpaucae
1245 628 1314 693 in
1338 621 1722 722 potestatem
1750 623 2037 697 hostium
2066 651 2338 699 venere:

262 727 462 813 aliae,
504 722 591 798 ad
610 731 915 797 -incertos
942 746 1172 812 ventos
1201 730 1362 800 hinc
1390 746 1580 827 atque
1604 726 1800 801 illinc
1842 726 2107 828 obliqua
2145 748 2370 807 trans-⁴

262 827 550 904 ferentes
585 829 766 915 vela,
813 836 889 901 in
929 829 1133 917 altum
1177 834 1439 904 evectae
1472 827 1635 902 sunt.
1735 836 2161 932 Nequaquam
2192 841 2344 934 pari

262 932 540 1009 fortuna
572 960 686 1032 per
730 959 844 1009 eos
887 931 1023 1015 dies
1064 936 1345 1008 Tarenti
1374 961 1473 1006 res
1517 934 1710 1034 gesta.
1754 961 1913 1009 nam
1955 934 2037 1008 ad
2069 955 2344 1034 quatuor.

263 1037 483 1113 millia
528 1043 893 1111 hominum
928 1033 1402 1112 frumentatum
1463 1033 1734 1138 egressa,
1789 1066 1995 1138 quum
2040 1045 2114 1111 in
2170 1048 2337 1139 agria

264 1140 503 1244 paffim
531 1161 949 1242 vagarentur3
991 1147 1244 1228 LiviuS,
1296 1148 1409 1245 qui
1441 1148 1572 1215 arci
1598 1171 1710 1242 pra
1754 1140 2053 1243 [idioque
2101 1145 2348 1217 Roma·

264 1273 361 1322 no
386 1265 719 1346 praeerat,
757 1251 1041 1319 intentus
1067 1251 1140 1319 in
1171 1274 1408 1340 omnes
1449 1240 1818 1326 occasiones
1861 1243 2187 1346 gerendae
2231 1253 2347 1334 rei,

260 1356 346 1424 C.
379 1347 709 1435 Persium,
749 1356 1092 1450 inpigrum
1123 1357 1382 1436 virum,
1423 1378 1577 1422 cum
1619 1346 1869 1423 duobus
1913 1350 2207 1426 millibus
2249 1377 2346 1424 ar-

260 1475 607 1528 matorum
636 1481 716 1526 ex
746 1481 893 1526 arce
923 1451 1159 1527 emifit.
1205 1461 1354 1555 qui,
1409 1482 1570 1553 vage
1600 1450 1840 1527 effusos
1872 1481 1989 1553 per
2014 1480 2204 1555 agros
2234 1483 2344 1555 pa·

258 1553 565 1663 latosque
591 1553 889 1643 adortae,
933 1585 1142 1658 quum
1168 1557 1281 1631 diu
1311 1557 1540 1658 paffim
1582 1556 1937 1644 cecidiffet,
1971 1586 2217 1658 paucos
2260 1586 2345 1632 ex

260 1663 529 1747 multiS,
568 1659 816 1761 trepida
843 1658 1000 1760 fuga
1025 1661 1392 1735 incidentes
1423 1659 1819 1761 semiapertis
1858 1683 2196 1762 portarum
2236 1658 2340 1736 fo·

258 1771 479 1851 ribus,
531 1772 611 1838 in
639 1767 870 1839 urbem
910 1766 1270 1865 compulit,
1314 1793 1401 1838 ne
1428 1768 1578 1838 urbs
1606 1764 1848 1839 eodem
1890 1771 2118 1865 inpetu
2159 1793 2342 1865 cape·

257 1894 454 1946 retur.
558 1874 654 1942 Ita
685 1891 986 1970 aequatae
1015 1865 1115 1943 res'
1147 1872 1227 1943 ad
1254 1874 1660 1957 Tarentum3
1708 1877 2027 1945 Romanis
2073 1872 2341 1942 victori-

256 1978 378 2050 bus
408 1995 612 2058 terra,
658 1975 1044 2046 Tarentinis
1091 1981 1276 2047 mari.
1330 1971 1650 2048 frumenti
1679 1950 1854 2074 ipss,
1897 2001 2058 2076 quae
2086 1981 2162 2046 in
2189 2002 2343 2047 ocu·

270 2079 350 2154 lis
378 2075 622 2169 fixerat,
661 2073 967 2177 utrosque
1007 2073 1297 2151 frustrata
1338 2082 1590 2178 pariter.
2292 2157 2336 2171 p,

419 2184 549 2254 XL.
600 2185 719 2253 Per
747 2178 931 2253 idem
960 2199 1214 2283 tempus
1245 2187 1566 2277 Laevinus
1601 2174 1866 2266 consul,
1920 2186 2051 2276 jam
2096 2180 2363 2282 magna'
2386 2210 2406 2243 τ»

264 2305 448 2388 parte
489 2291 647 2359 anni
689 2287 1117 2373 circumacta,
1176 2294 1252 2359 in
1282 2287 1617 2369 Siciliam,
1657 2291 1727 2381 ⁸)
1774 2288 2095 2358 veteribus
2121 2284 2341 2359 novis·

310 2418 397 2463 ue
424 2388 615 2464 sociis
643 2385 1069 2489 exspectatuS,
1119 2418 1324 2491 quum
1355 2384 1655 2471 venisset,
1694 2393 1989 2486 primum
2034 2413 2107 2458 ac
2145 2385 2361 2486 potis?

266 2420 526 2567 {lunum
566 2501 864 2566 omnium
906 2514 1113 2578 ratuS,
1175 2489 1508 2586 Syracusis
1550 2516 1724 2563 nova
1762 2515 1923 2589 pace
1968 2487 2338 2565 inconditas

266 2621 687 2698 componere
712 2623 825 2669 res.
929 2601 1371 2697 Agrigentum
1400 2590 1557 2686 inde
1584 2593 1791 2695 (quod
1824 2592 1978 2665 belli
2006 2593 2128 2665 reli
2175 2620 2340 2669 uum

260 2720 433 2787 erat,
486 2703 950 2802 tenebaturque
992 2730 1028 2773 a
1070 2695 1706 2800 Karthaginienfium
1735 2695 1956 2771 valido
1980 2622 2336 2797 praePidio)

256 2804 448 2881 duxit
499 2806 822 2905 legiones.
875 2824 939 2878 et
959 2799 1187 2878 *adfuit
1226 2801 1493 2877 fortuna
1532 2809 1818 2902 incepto.
1920 2806 2173 2877 Hanno
2205 2820 2340 2876 erat

256 2917 628 3011 imperator
661 2906 1320 3008 Karthaginienfium,
1369 2904 1482 2981 sed
1513 2931 1792 2981 omnem
1818 2912 1893 2979 in
1909 2907 2176 2979 Mutine
2200 2911 2339 2981 Nu·

254 3013 593 3116 midisque
620 3009 808 3112 spem
835 3009 1182 3113 repositam
1210 3014 1548 3086 habebant.
1645 3017 1768 3085 Per
1798 3029 2004 3083 totam
2034 3010 2336 3085 Siciliam
2352 3072 2376 3116 ι,

257 3147 461 3221 vagus
552 3116 773 3191 raedas
809 3119 1035 3217 agebat
1074 3142 1151 3191 ex
1193 3113 1392 3191 sociis
1435 3117 1938 3189 Romanorum:
1985 3137 2198 3217 neque
2238 3120 2336 3187 in·

251 3223 422 3297 terei
519 3227 534 3241 '
585 3224 667 3295 ab
706 3225 1075 3321 Agrigento
1119 3225 1184 3295 vi
1213 3240 1318 3294 aut
1346 3238 1479 3294 arte
1505 3220 1672 3305 ulla,
1718 3227 1877 3303 nec,
1921 3222 2085 3318 quin
2122 3242 2338 3292 erum·
2453 3273 2457 3275 v

251 3346 482 3429 peret,
521 3328 638 3399 ubi
679 3324 915 3411 vellet,
961 3326 1299 3425 prohiberi
1434 3341 1608 3396 terat.
1710 3325 1900 3395 Haec
1944 3329 2077 3416 ejus
2102 3318 2335 3420 gloria,

251 3438 411 3535 quia
438 3436 580 3527 jam
606 3432 1016 3531 imperatoris
1046 3455 1309 3531 quoque
1363 3455 1549 3501 amae
1572 3423 1953 3507 obficiebat,
1994 3423 2336 3523 postremo

258 3541 332 3607 in
373 3531 712 3612 invidiam
755 3539 982 3627 vertit3
1035 3555 1106 3607 ut
1143 3560 1227 3608 ne
1270 3534 1440 3607 bene
1484 3529 1698 3631 gestae
1738 3524 2009 3630 quidem
2061 3552 2159 3600 res
2200 3531 2335 3623 jam

261 3641 595 3714 Hannoni
636 3656 911 3739 propter
951 3633 1294 3712 auctorem
1332 3633 1477 3709 satis
1535 3634 1736 3709 laetae
1780 3627 1999 3705 effent.
2065 3650 2343 3739 propter.

264 3767 438 3842 quae
472 3741 811 3841 postremo
858 3738 1336 3842 praefecturam
1381 3746 1511 3835 ejus
1552 3736 1704 3822 filio
1740 3734 1858 3810 suo
1885 3731 2104 3821 dedit,
2139 3753 2334 3820 ratus,

259 3869 434 3919 cum
459 3850 742 3947 imperio
768 3849 1221 3922 austeritatem
1250 3870 1514 3949 quoque
1543 3846 1603 3918 ei
1633 3849 1803 3916 inter
1834 3837 2160 3932 Numidas
2204 3860 2354 3914 ere-¹

251 3969 558 4053 pmrum.
608 3947 792 4055 quod
828 3952 1039 4055 longe
1075 3948 1257 4032 aliter
1285 3953 1519 4025 evenit.
1617 3951 1797 4022 Nam
1835 3965 2124 4030 veterem
2153 3934 2338 4014 favo·

1346 4056 1414 4131 D
1456 4071 1503 4128 2
2178 4070 2325 4122 rem

322 4184 401 4258 ς)
433 4184 618 4251 εἰσίω
647 4189 817 4247 Gron-
830 4209 836 4259 ς
1084 4241 1087 4242 ⁷
1470 4275 1475 4280 μ
1548 4199 1554 4239 ι
