2732 4671
652 237 862 306 rin.
909 237 1172 286 xxxn
1272 235 1493 285 cnr.
1546 237 1793 286 xxtu
2133 229 2273 306 38‘3
2345 243 2365 268 Χ

210 399 539 504 desperata
576 395 775 484 salus,
815 397 865 473 ss
906 404 1201 476 Romani
1240 397 1568 489 vieiffent‚
1623 399 1706 475 ad
1745 403 1995 475 rabiem
2036 410 2267 504 magis,

213 535 410 609 quarn
448 503 825 590 audaciam,
850 504 1290 610 (accendebat.
1433 511 1977 580 Promontorium
2026 508 2118 578 est
2160 504 2265 579 ad-

208 607 421 686 versus
465 615 866 704 Sicyonem,
925 615 1197 701 Junonis
1238 637 1438 711 quam
1500 630 1737 683 vocant
1776 615 2131 696 Actaeam,
2189 617 2268 686 in.

203 717 416 790 altum
443 741 822 786 excurrens:
870 718 1158 811 trajectus
1192 712 1344 787 inde
1376 719 1799 799 Corinthum,
1839 712 2086 813 septem
2107 717 2266 789 -mil-

154 820 286 908 ,lia
325 816 544 891 ferme
584 817 896 919 pafl'uum.
957 845 1039 891 eo
1078 820 1445 904 Philocles,
1485 825 1697 918 regius
1735 837 1799 891 et
1839 816 1976 918 ipse
2016 814 2288 918 praese-⁵

204 928 384 1008 cius,
452 923 640 995 mille
681 943 746 995 et
789 929 1179 1023 quingentos
1235 925 1474 996 milites
1511 950 1633 1024 per
1670 927 2015 996 Boeotiam
2061 920 2263 996 duxit.

196 1027 457 1130 praesto
486 1021 668 1099 fuere
695 1026 773 1098 ab
803 1032 1136 1101 Corintho
1167 1027 1414 1111 lembi,
1464 1039 1578 1127 qui
1619 1025 2013 1126 praesidinm
2052 1024 2122 1098 id
2166 1055 2269 1099 ac-

202 1152 473 1231 ceptum
503 1134 878 1203 Lechaeum
907 1138 1285 1226 trajicerent.
1390 1133 1645 1203 Auctor
1669 1150 1806 1204 erat
1835 1131 2118 1216 Anulum,
2163 1138 2264 1203 in-

202 1233 409 1310 cenfis
460 1236 799 1332 operibus,
882 1235 1284 1308 omittendae
1337 1234 1676 1335 extemplo
1732 1236 2261 1334 obpugnationis.

200 1344 599 1432 Pertinacius
629 1339 973 1438 Qine‘tius
1000 1346 1073 1413 in
1102 1346 1371 1439 incepto
1414 1339 1748 1439 perstabat.
1797 1346 1848 1410 is
1893 1365 2158 1440 quoque
2195 1358 2274 1412 ut

246 1457 321 1517 ro
350 1443 667 1517 omnibus
692 1450 899 1541 portis
931 1440 1234 1543 dispofita
1268 1439 1435 1516 vidit
1466 1440 1778 1542 praefidia
1811 1450 2092 1542 regia‘).,
2137 1470 2265 1544 nee

265 1546 400 1622 cile
454 1554 946 1646 erumpentium
1000 1554 1253 1645 inpetus
1309 1543 1601 1620 sustineri
1656 1543 1872 1647 poffe,
1942 1543 2264 1620 in'Attali
2375 1589 2396 1604 κ

194 1645 590 1725 ἱωῐεῐιῐὶοιῐι
621 1648 948 1723 conceffit.
986 1657 1074 1724 ita
1103 1658 1286 1736 irrito
1322 1657 1626 1751 incept0‚
1666 1648 1932 1723 dimiffis
1960 1653 2262 1739 Achaeis,

205 1753 485 1828 reditum
517 1751 602 1827 ad
635 1751 828 1827 naves
855 1754 965 1826 est.
1069 1756 1318 1829 Attalus
1342 1761 1729 1855 Piraeeum,
1774 1759 2262 1838 RomaniCor-

206 1883 431 1953 cyram
461 1865 801 1959 petierunt.
1533 1863 1540 1878 ³

342 1966 579 2058 XXIV.
628 1966 813 2058 Dum
840 1965 1000 2035 haee
1026 1961 1106 2034 ab
1137 1961 1349 2035 navali
1379 1970 1667 2035 exercitu
1711 1980 2062 2062 geruntur,
2104 1987 2261 2035 con·

210 2059 342 2150 sul,
393 2069 468 2139 in
488 2063 784 2138 Phocide
812 2063 896 2137 ad
929 2064 1208 2138 Elatiam
1255 2066 1472 2138 castris
1521 2064 1776 2165 positis,
1828 2073 2053 2165 primo
2104 2093 2259 2139 con-

206 2166 439 2270 loquiis
468 2195 615 2241 rem
644 2196 760 2269 per
772 2176 1099 2270 principes
1113 2167 1536 2243 Elatiensium
1555 2178 1851 2242 tentavit:
1890 2170 2260 2268 postquam,

207 2274 375 2347 nihil
400 2270 526 2347 effe
562 2278 632 2345 in
681 2299 880 2347 manu
922 2271 1067 2359 sua,
1117 2293 1180 2345 et
1214 2271 1432 2372 plures
1475 2269 1946 2375 validioresque
1997 2269 2123 2344 ess'e
2163 2298 2259 2345 re·

204 2383 389 2476 gine,
448 2404 647 2480 quam
692 2375 1098 2479 oppidanos,
1155 2374 1699 2474 respondebatur,
1768 2397 1908 2448 tum
1945 2374 2141 2448 fimul
2178 2378 2257 2447 ab

200 2487 399 2554 omni
441 2484 644 2582 'parte
703 2484 1014 2583 operibus
1076 2478 1398 2582 armisque
1463 2482 1695 2553 urbem
1769 2479 1859 2551 est
1917 2476 2260 2580 adgreffus.

122 2644 129 2651 .
202 2584 432 2657 Ariet‘e
469 2581 775 2670 admeto,
819 2604 1133 2687 quantum
1178 2592 1349 2658 inter
1389 2606 1589 2657 turres
1636 2590 1810 2656 muri
1860 2604 1994 2656 erat
2033 2610 2261 2684 proru-

201 2706 383 2773 tum,
427 2716 631 2790 quum
658 2695 914 2790 ingenti
940 2684 1204 2790 fragore
1244 2716 1318 2763 ac
1360 2689 1624 2789 strepitu
1667 2684 1957 2761 nudasset
2003 2690 2258 2772 urbem,
2341 2720 2350 2725 ·

196 2788 394 2867 simul
423 2816 490 2866 et
516 2798 755 2867 cohors
785 2798 1087 2867 Romana
1115 2818 1229 2892 per
1258 2814 1553 2893 apertum
1602 2800 1845 2865 recenti
1890 2792 2094 2892 strage
2137 2799 2263 2863 iter

198 2893 468 2985 invafit3
503 2917 568 2969 et
592 2924 671 2970 ex
699 2899 1009 2970 omnibus
1036 2894 1261 2998 oppidi
1294 2899 1614 2997 partibus,
1654 2893 2056 2971 relictis³suis
2101 2891 2262 2997 quis·

199 3026 325 3098 que
366 3000 788 3086 stationibus,
856 3007 931 3074 in
977 3006 1170 3088 eum,
1200 3006 1358 3105 {qui
1420 3004 1833 3102 premebatur
1874 3008 2100 3102 inpetu
2119 3005 2261 3073 tho-

199 3102 435 3191 flium,
482 3105 715 3179 locum
747 3125 1234 3178 concurrerunt.
1334 3105 1598 3179 Eodem
1632 3126 1933 3207 tempore
1964 3110 2258 3178 Romani
2374 3134 2379 3139 ·
2480 3124 2486 3130 ’

202 3229 265 3279 et
290 3217 509 3282 ruinas
538 3216 715 3282 muri
742 3206 1267 3310 supervadebant,
1308 3231 1374 3283 et
1403 3207 1594 3284 scalas
1625 3209 1704 3283 ad
1736 3212 1960 3284 stantia
1989 3216 2260 3283 moenia

200 3309 583 3386 inferebant.
628 3334 726 3398 et,
770 3312 932 3385 dum
960 3320 1031 3386 in
1059 3340 1258 3385 unam
1293 3335 1554 3413 partem
1590 3315 1819 3387 oculos
1868 3310 2258 3411 animosque

199 3416 490 3490 hostium
519 3412 851 3491 certamen
875 3436 1220 3503 averterat,
1261 3417 1552 3516 pluribus
1571 3418 1745 3489 -locis
1787 3414 1968 3488 scalis
2012 3423 2257 3514 capitur

197 3547 446 3605 murus,
490 3528 848 3622 armatique
889 3529 963 3594 in
1004 3525 1235 3594 urbem
1267 3518 1810 3601 transcenderunt.
1854 3546 1988 3619 quo
2017 3517 2260 3591 tumul·

196 3641 265 3695 tn
290 3623 547 3710 auditu,
595 3632 800 3698 territi
834 3625 1073 3711 hostes,
1124 3627 1397 3711 relicta,
1437 3652 1635 3728 quem
1680 3618 1959 3697 conferti
2004 3622 2261 3694 tueban-

196 3748 336 3821 tur,
379 3728 578 3813 loco.‚
621 3737 693 3802 in
725 3756 945 3802 arcem
977 3755 1215 3803 omnes
1255 3751 1472 3816 metm,
1512 3736 1754 3803 inermi
1798 3750 2062 3829 quoque
2100 3719 2261 3796 inse-

199 3852 436 3932 quente
478 3834 698 3919 turba,
775 3829 1235 3933 confugerunt.
1385 3841 1479 3907 Ita
1522 3835 1684 3907 urbe
1726 3837 1975 3933 potitur
2015 3820 2261 3902 consul.

194 3959 324 4036 qua
356 3933 640 4036 direpta,
693 3934 995 4012 mistisin
1024 3963 1281 4025 arcem,
1330 3946 1444 4040 qui
1474 3944 1677 4014 vitam
1719 3942 1953 4037 regiis,
1993 3930 2043 4009 fi
2083 3935 2262 4006 abire
2361 3972 2368 3977 κ

2129 4030 2262 4112 vel·

302 4167 371 4241 t)
398 4172 520 4245 regis
546 4172 714 4228 Εἶναι.
2199 4158 2206 4163 ’
