2732 4671
384 249 482 317 5²
926 272 930 279 »
1160 214 1830 326 'natvm'

338 492 342 500 ,
388 439 545 494 rem
576 421 707 513 ejus
739 411 849 490 sua
887 412 1148 518 insuper
1193 416 1448 492 invidia
1481 426 1676 493 auxit.
1724 443 1938 520 neque
1962 418 2079 495 ille
2105 415 2453 522 indignita-

390 544 528 595 tem
562 516 832 617 injuriae
874 522 1058 606 tulit,
1119 519 1603 625 confestimque
1637 514 1727 596 'ad
1769 529 2133 597 Laevinum
2160 525 2459 599 occultos

393 633 675 701 nuncios
704 622 880 709 misit
912 623 995 697 de
1021 623 1338 709 tradendo
1370 633 1753 728 Agrigento.
1903 633 2025 700 Per
2070 655 2234 729 quos
2276 647 2345 701 ut
2367 626 2462 700 est

394 727 567 804 facia
592 728 793 815 fides,
834 727 1362 833 compositusque
1389 739 1484 805 rei
1517 727 1839 831 gerendae
1867 728 2148 817 modus,
2202 753 2465 833 portam

394 830 482 908 ad
512 860 692 906 mare
716 829 1046 907 ferentem
1071 835 1408 910 Numidae
1434 864 1643 938 quum
1672 832 2116 935 occupassent,
2151 833 2353 936 pulsis
2369 842 2468 908 in·

397 935 485 1011 de
518 934 930 1023 'custodibuS,
989 960 1098 1011 aut
1137 938 1363 1024 caesis,
1406 944 1750 1047 Romanos
1788 939 1873 1013 ad
1898 937 1966 1013 id
1990 937 2209 1041 ipsum
2239 937 2466 1013 miffos

397 1049 475 1129 in
513 1044 748 1115 urbem
788 1036 1227 1142 acceperunt,
1295 1050 1382 1119 Et
1407 1072 1618 1145 quum
1649 1051 1916 1145 agmine
1946 1053 2080 1142 jam
2121 1050 2197 1117 in
2241 1041 2466 1117 media

394 1147 573 1219 urbis
604 1175 680 1219 ac
706 1140 935 1216 forum
967 1172 1216 1245 magno
1249 1148 1537 1220 tumultu
1563 1156 1798 1235 iretur,
1825 1167 2003 1222 <ratus
2033 1152 2285 1224 Hanno
2324 1175 2468 1222 non

394 1246 612 1334 aliud,
677 1276 880 1349 quam
915 1249 1276 1322 tumultum
1314 1277 1391 1322 ac
1429 1248 1854 1329 seceffionem
1887 1249 1983 1340 (id
2011 1251 2191 1354 quod
2223 1274 2288 1326 et
2318 1273 2470 1325 ante

393 1348 742 1449 acciderat)
781 1349 1226 1427 Numidarum
1264 1349 1428 1442 effe,
1480 1351 1564 1427 ad
1603 1356 2182 1454 comprimendam
2206 1352 2467 1450 seditio·
2525 1346 2532 1357 ⁸

396 1470 559 1532 nem
615 1451 936 1557 proceffit.
980 1460 1174 1559 atQue
1242 1457 1412 1543 ille,
1443 1486 1652 1560 quum
1715 1465 1779 1531 ei
1824 1455 2182 1533 multitudo
2225 1467 2465 1554 major,

396 1554 599 1662 quam
651 1556 1136 1646 Numidarum,
1174 1560 1413 1659 procul
1476 1559 1649 1648 visa,
1689 1580 1752 1635 et
1805 1562 2063 1635 clamor
2118 1565 2474 1634 Romanus

395 1658 908 1765 haudquaquam
934 1671 1199 1765 ignotus
1232 1662 1315 1737 ad
1342 1692 1523 1739 aures
1566 1662 1931 1752 accidisset,
1985 1671 2207 1763 priuS,
2262 1690 2464 1766 quam

395 1764 483 1841 ad
524 1770 736 1842 istum
777 1767 891 1840 teli
931 1772 1211 1854 veniret,
1254 1767 1512 1867 capeffit
1550 1763 1801 1868 fugam.
1845 1795 1963 1868 per
1988 1764 2272 1840 aversam
2314 1793 2467 1865 por,-

398 1891 536 1945 tam
580 1867 871 1956 emissus,
927 1869 1231 2013 ffumto
1273 1880 1518 1946 comite
1556 1870 1893 1971 Epicyde,
1938 1899 2092 1944 cum
2121 1878 2343 1971 paucis
2381 1866 2466 1942 ad

397 2001 594 2053 mare⁴
627 1982 950 2075 pervenit:
1006 1979 1312 2079 nactique
1353 1996 1730 2076 opportune
1782 2003 2061 2075 parvum
2105 1981 2468 2074 navigium,

390 2078 621 2177 ‘relicta
661 2077 954 2152 hostibus
994 2081 1252 2165 Sicilia,
1303 2077 1389 2169 de
1431 2108 1559 2182 qua
1605 2107 1725 2180 per
1761 2100 1858 2153 tot
1895 2106 2102 2152 annos
2146 2099 2468 2155 certatum

398 2201 569 2267 erat,
625 2189 697 2272 in
735 2177 1033 2256 Africam
1061 2192 1459 2280 trajecerunt.
1513 2178 1640 2256 alia
1680 2180 2033 2257 multitudo
2080 2187 2465 2277 Poenorum

400 2284 944 2388 Siculorumque,
987 2315 1071 2362 ne
1101 2307 1345 2362 tentato
1364 2283 1638 2390 quidem
1669 2295 2050 2374 certamine,
2095 2315 2300 2390 quum
2331 2314 2471 2361 cae-

400 2405 461 2463 ci
494 2398 566 2462 in
598 2387 828 2492 fugam
856 2413 1153 2492 ruerent,
1188 2390 1513 2495 claufique
1542 2383 1748 2466 exitus
1775 2389 2008 2479 effent',
2051 2399 2219 2465 circa
2248 2413 2468 2492 portas

370 2519 371 2522 ’
400 2489 597 2570 caesa.
700 2490 976 2597 Oppido
1004 2517 1269 2594 recepto
1296 2502 1637 2581 Laevinus,
1662 2504 1776 2596 qui
1807 2505 2010 2597 capita
2037 2524 2261 2569 rerum
2278 2499 2468 2596 Agri·

378 2605 585 2697 *genti
630 2616 859 2680 erant,
888 2604 1091 2696 virgis
1140 2595 1356 2670 caesos
1397 2596 1604 2670 securi
1643 2598 1975 2696 percussit:
2018 2620 2266 2671 ceteros
2290 2625 2470 2698 prae·

332 2697 347 2776 ⁴,
399 2697 682 2801 damque
707 2695 1020 2772 vendidit.
1066 2723 1346 2772 omnem
1376 2705 1727 2798 pecuniam
1751 2703 2054 2772 Romam
2077 2699 2272 2772 mifit.
2357 2707 2470 2774 Fa-

401 2831 516 2889 ma
570 2808 1166 2902 Agrigentinorum
1224 2799 1425 2874 cladis
1468 2801 1763 2876 Siciliam
1818 2828 2024 2902 quum
2080 2798 2468 2900 pervasisset,

399 2912 629 2980 omnia
659 2925 924 3004 repente
957 2904 1039 2978 ad
1067 2910 1412 2979 Romanos
1438 2905 1933 2978 inclinaverunt.
2027 2903 2291 2978 Prodita
2331 2907 2470 2977 bre-

286 3093 291 3102 ,
372 3005 644 3092 ,visunt
674 3015 900 3107 viginti
927 3005 1205 3109 oppida:
1242 3004 1355 3082 sex
1397 3015 1467 3083 vi
1510 3030 1724 3108 capta:
1781 3008 2144 3081 voluntaria
2185 3006 2467 3082 deditio·

398 3140 485 3188 ne
502 3119 579 3185 in
608 3109 823 3186 fidem·
844 3134 1161 3188 venerunt
1190 3110 1272 3185 ad
1301 3110 1743 3215 quadraginta.
1795 3140 2072 3214 quarum
2104 3115 2465 3187 civitatium

328 3285 335 3306 ὅ
395 3218 803 3318 principibus
830 3245 1036 3318 quum
1064 3213 1191 3319 pro
1218 3213 1520 3318 cujusque
1549 3224 1788 3292 merito
1819 3213 2050 3291 consul
2079 3219 2285 3316 pretia
2313 3242 2471 3317 poe·

399 3316 638 3423 nasque
679 3317 1076 3415 exsolvisset,
1137 3318 1570 3424 coegissetque
1609 3321 1897 3408 Siculos,
1939 3319 2165 3422 pofitis
2195 3319 2470 3395 tandem

401 3433 635 3512 annia,
674 3417 781 3498 ad„
806 3419 1042 3528 agrum
1085 3423 1444 3499 colendum
1470 3434 1729 3499 animos
1765 3444 2180 3511 convertere,
2215 3445 2287 3497 ut
2312 3421 2468 3497 esset

403 3554 548 3601 non
576 3530 956 3603 incolarum·
976 3528 1185 3603 modo
1209 3530 1537 3604 alimentis
1569 3524 1891 3631 frugifera
1921 3524 2165 3615 insula,
2207 3524 2318 3603 sed
2361 3535 2468 3601 ur-‘

401 3633 504 3706 bis
535 3636 794 3706 Romae
819 3654 1007 3735 atque
1035 3635 1249 3707 Italiae
1278 3633 1377 3722 (id
1407 3632 1588 3734 quod
1640 3635 1864 3707 multis
1906 3629 2091 3734 saepe
2131 3631 2467 3734 tempesta-

396 3738 572 3810 tibus
616 3732 880 3834 fecerat)
916 3764 1254 3811 annonam
1300 3737 1582 3825 levaret3
1633 3741 1735 3834 ab,
1753 3741 2145 3838 Agathyrna·
2163 3735 2471 3816 incondi-

405 3858 540 3914 tam
577 3837 1065 3936 multitudinem
1104 3839 1327 3916 secum
1368 3849 1442 3914 in
1477 3841 1731 3917 Italiam
1771 3837 2132 3915 transvexit.
2191 3862 2467 3942 quatuor

398 3945 616 4018 millia
643 3952 1004 4026 hominum
1031 3967 1244 4032 erant,
1287 3952 1483 4019 mixti
1508 3972 1589 4019 ex
1618 3952 1812 4019 omni
1844 3944 2247 4018 conluvione
2291 3940 2465 4016 exsu-

390 4045 529 4132 10⁶,
566 4050 891 4139 obaerati,
929 4050 1229 4152 capitalia
1255 4047 1388 4123 auss
1412 4049 1743 4153 plerique5
1783 4069 1847 4122 et
1872 4074 2082 4153 quum
2122 4054 2202 4122 in
2245 4054 2463 4119 civita-

2257 4183 2264 4186 *
2283 4148 2459 4225 tibus
2574 4183 2586 4212 ν
