2732 4671
415 217 591 299 „758
755 208 761 216 “
1204 226 1276 276 τ.
1381 225 1732 275 ιινιι

441 400 798 494 Sipontum
846 389 1119 492 super0‚
1191 394 1560 465 Buxentum
1601 384 1821 463 infero
1862 398 2068 481 mari,
2134 383 2499 474 inveniss‘e3

442 505 771 571 triumviri
816 497 896 568 ad
943 499 1224 573 colonos
1269 523 1349 568 eo
1393 491 1764 567 scribendos
1806 521 1888 565 ex
1942 490 2497 566 senatusconsulto

440 605 522 675 ab
552 606 644 675 T.
675 606 945 675 Maenio
977 622 1270 700 praetore
1303 599 1551 685 urbano
1585 604 1779 669 creati
1810 590 1987 680 sunt,
2048 602 2119 668 L.
2168 599 2502 673 Scriboni·

433 734 519 778 .us
548 710 751 789 Libo,
780 750 784 754 ·
814 710 917 778 M.
957 709 1289 786 Tuccio&
1337 707 1463 774 Cn.
1491 702 1756 775 Baebius
1788 700 2212 800 Tamphilus.
2320 705 2501 772 Cum

435 805 678 890 ,Perseo
721 835 873 908 rege
916 831 981 880 et
1021 804 1502 882 Macedonibus
1549 805 1832 888 bellum,
1890 801 2069 904 quod
2112 804 2502 883 inminebat,

445 940 591 988 non
622 911 800 985 unde
822 914 1116 1012 plerique
1149 918 1535 1008 opinantur,
1580 936 1704 979 nec
1729 910 1808 979 ab
1850 903 1994 1006 ipso
2038 903 2274 981 Perseo
2324 902 2497 979 caus·

362 1028 370 1036 '
445 1012 542 1090 sas
594 1022 784 1113 cepit.
845 1022 1143 1119 inchoata
1185 1019 1373 1085 initia
1417 1041 1453 1084 a
1497 1011 1808 1111 Philippo
1834 1006 2021 1084 sunt:
2061 1034 2125 1083 et
2151 1016 2205 1082 is
2235 1006 2410 1109 ipse,
2452 1008 2501 1082 fi

431 1117 687 1193 ‘diutius
717 1115 1006 1215 νίινιίίῖιτῑιδ
1031 1122 1103 1190 id
1133 1117 1381 1189 bellum
1409 1109 1694 1214 gessisset.
1739 1120 1892 1187 Una
1931 1142 2086 1187 eum
2119 1140 2247 1197 res,
2292 1142 2502 1215 quum

447 1227 632 1296 vicio
661 1226 836 1321 leges
865 1228 1371 1321 inponerentur‚
1415 1224 1706 1291 maxime
1735 1219 2038 1317 angebat3
2094 1213 2327 1317 quod,
2390 1223 2499 1318 qui

447 1323 910 1401 Macedonum
956 1326 1034 1398 ab
1078 1321 1141 1397 se
1181 1319 1547 1395 defecerant
1587 1329 1661 1394 in
1708 1322 1883 1394 bello
1898 1316 1922 1405 ,Δ
1980 1327 2052 1393 in
2094 1348 2209 1393 eos
2252 1329 2352 1415 jus
2383 1319 2504 1393 sae-

449 1427 674 1502 viendi
706 1426 1042 1501 ademtum
1073 1434 1134 1499 ei
1173 1429 1250 1499 ab
1279 1422 1494 1499 senatu
1521 1446 1688 1497 erat:
1735 1452 1973 1525 quum,
2016 1431 2167 1523 quia
2220 1451 2371 1496 rem
2412 1432 2501 1496 in·

434 1548 696 1630 ‘tegi-am
732 1534 1078 1631 Qindiius
1115 1537 1186 1603 in
1216 1526 1709 1603 conditionibus
1743 1535 1918 1626 pacis
1943 1525 2312 1613 distulerat,
2367 1555 2501 1600 nou

438 1633 826 1737 §espen-affer
858 1640 1163 1734 inpetrari
1194 1628 1391 1733 posse.
1489 1638 1828 1705 Antiocho
1856 1658 2008 1732 rege
2043 1629 2286 1704 deinde
2331 1632 2502 1704 bello

449 1736 749 1839 superato
776 1739 856 1811 ad
898 1739 1439 1836 Thermopylas,
1500 1732 1719 1807 divisis
1760 1740 2077 1835 partibus,
2136 1760 2350 1836 quum
2388 1762 2501 1835 per

454 1841 725 1916 eosdem
771 1842 907 1917 dies
953 1837 1179 1914 consul
1214 1839 1467 1913 Acilius
1513 1838 1939 1923 Heracleam,
1996 1838 2345 1938 Philippus
2395 1844 2502 1911 La·

454 1954 661 2019 miam
706 1941 1158 2043 obpugnass'eu
1228 1964 1410 2041 capta
1452 1942 1803 2027 Heraclea,
1876 1950 2025 2043 quia
2068 1939 2271 2037 juss'us
2301 1938 2501 2015 absce-

452 2044 607 2132 dere
650 2076 686 2133 a
732 2048 1076 2118 moenibus
1118 2050 1385 2119 Lamiae
1426 2067 1592 2130 erat,
1660 2042 2111 2145 Romanisque
2172 2042 2498 2145 oppidum

452 2147 747 2222 deditum
779 2150 867 2222 est
886 2205 907 2235 ,
943 2174 1132 2251 aegre
1160 2176 1308 2222 eam
1336 2176 1480 2221 rem
1509 2149 1754 2223 tulerat.
1792 2146 2143 2247 permulsit·
2173 2156 2347 2221 iram
2380 2157 2498 2243 ejus

455 2246 750 2339 consuh
774 2251 994 2355 quod,
1043 2252 1124 2326 ad
1155 2258 1566 2353 Naupacslum
1598 2247 1729 2352 ipse
1762 2248 2108 2337 festinans,
2151 2279 2292 2354 quo
2326 2249 2393 2324 se
2428 2277 2498 2324 ex

448 2354 606 2457 fuga
639 2360 859 2432 Aetoli
890 2360 1329 2442 contulerant,
1372 2359 1681 2455 Philippo
1710 2354 2032 2455 permisit,
2086 2377 2158 2428 ut
2202 2361 2502 2430 Athama·

451 2470 602 2535 niae
665 2483 728 2533 et
781 2460 1222 2555 Amynandro
1278 2461 1527 2534 bellum
1563 2456 1871 2548 inferret3
1932 2480 1994 2532 et
2064 2463 2297 2546 urbes,
2357 2485 2495 2562 quas

455 2560 786 2638 Thessalis
829 2566 1048 2639 Aetoli
1093 2562 1502 2647 ademerant,
1567 2588 1774 2663 regno
1835 2562 2157 2660 adjiceret.
2304 2561 2492 2637 Haud

453 2695 705 2767 magno
746 2677 1096 2741 certamine
1135 2688 1200 2741 et
1245 2665 1761 2762 Amynandrum
1815 2673 2212 2757 Athamania
2251 2670 2497 2767 expule-

451 2792 585 2870 rat,
631 2793 692 2842 et
717 2775 905 2859 urbes
928 2772 1177 2873 aliquot
1203 2791 1543 2871 receperat.
1686 2769 2188 2846 Demetriadem
2225 2798 2498 2872 quoque,

451 2874 683 2946 urbem
715 2874 993 2948 validam
1026 2897 1088 2948 et
1115 2872 1196 2956 ad
1228 2882 1456 2948 omnia
1485 2875 1959 2975 opportunam,
2005 2896 2067 2947 et
2113 2879 2495 2973 Magnetum

379 2985 384 2992 ’
455 2998 725 3078 gentem
756 2974 901 3048 suae
931 2977 1195 3051 ditionis
1223 2974 1400 3050 fecit.
1449 2974 1608 3049 inde
1634 2999 1698 3049 et
1736 2984 1813 3050 in
1853 2982 2151 3053 Thracia
2188 2973 2489 3079 quasdam

423 3084 678 3162 -urbes,
720 3105 933 3156 novae
960 3100 1151 3184 atque
1177 3077 1459 3152 insuetae
1481 3080 1785 3155 libertatis
1829 3088 2027 3166 viti0‚
2081 3077 2500 3155 seditionibus

455 3179 838 3282 principum
870 3184 1180 3265 turbatam,
1220 3185 1541 3280 partitum,
1592 3211 1757 3284 quae
1803 3182 2173 3259 domestico
2219 3191 2503 3260 certami-

455 3311 545 3360 ne
573 3293 1024 3372 vincerentur,
1073 3284 1486 3386 adjungendo
1514 3283 1646 3360 sese
1682 3285 1784 3384 ¹³),
1826 3296 2016 3388 cepit.

462 3465 471 3472 ,
553 3391 570 3406 ‘
603 3394 834 3463 XXIV.
900 3396 1028 3463 His
1069 3387 1277 3464 sedata
1322 3397 1397 3463 in
1441 3386 1794 3490 praesentia
1828 3400 1999 3492 regis
2032 3399 2132 3465 ira
2160 3400 2239 3465 in
2273 3396 2505 3466 Roma·

460 3518 586 3566 nos
615 3493 722 3566 est.
763 3522 1129 3596 numquam
1155 3516 1376 3569 tamen
1407 3493 1659 3568 remifit
1694 3502 1992 3569 animum
2036 3525 2075 3568 a
2115 3493 2503 3596 colligendis

457 3602 535 3668 in
561 3624 718 3695 pace
748 3601 1027 3682 viribm,
1069 3600 1336 3699 quibus,
1374 3594 1760 3700 quandoque
1803 3607 1868 3694 ⁸³)
1936 3595 2081 3672 data
2117 3594 2392 3673 fortuna
2428 3591 2506 3670 es·

455 3694 584 3782 set,
629 3698 710 3772 ad
740 3701 986 3773 bellum
1016 3722 1312 3774 uteretur.
1413 3697 1771 3802 Vectigalia
1796 3710 1989 3802 regni
2017 3697 2506 3790 nonffrutstibus

459 3819 710 3874 tantum
743 3831 1050 3903 agrorum
1079 3802 1514 3905 portoriisque
1552 3811 1898 3900 maritimis
1943 3812 2156 3893 auxit3
2212 3803 2331 3879 sed
2378 3815 2507 3876 me'·

456 3903 611 3978 talla
659 3905 856 3979 etiam
900 3928 960 3980 et
1004 3928 1215 3982 vetera
1244 3905 1598 3983 intermissa
1626 3909 1944 3996 recoluit,
1990 3930 2055 3983 et
2082 3936 2260 3983 nova
2288 3908 2506 3983 multis

2335 4013 2501 4086 locis

529 4135 610 4205 b)
637 4139 692 4203 se
723 4133 890 4194 Gron.
919 4144 1068 4197 Crev.
1483 4142 1550 4212 e)
1586 4127 1954 4215 quandocunque
1984 4146 2153 4200 Gran.
2180 4146 2335 4197 Creu.
