<?xml version="1.0" encoding="UTF-8"?>
<!DOCTYPE html PUBLIC "-//W3C//DTD XHTML 1.0 Transitional//EN"
    "http://www.w3.org/TR/xhtml1/DTD/xhtml1-transitional.dtd">
<html xmlns="http://www.w3.org/1999/xhtml" xml:lang="en" lang="en">
 <head>
  <title>
</title>
<meta http-equiv="Content-Type" content="text/html;charset=utf-8" />
  <meta name='ocr-system' content='tesseract 3.04.00' />
  <meta name='ocr-capabilities' content='ocr_page ocr_carea ocr_par ocr_line ocrx_word'/>
</head>
<body>
  <div class='ocr_page' id='page_1' title='image "./historiorarumli00grongoog_0837.png"; bbox 0 0 2732 4671; ppageno 0'>
   <div class='ocr_carea' id='block_1_1' title="bbox 470 258 1728 369">
    <p class='ocr_par' dir='ltr' id='par_1_1' title="bbox 470 258 1728 369">
     <span class='ocr_line' id='line_1_1' title="bbox 470 258 1728 369; baseline -0.007 -31"><span class='ocrx_word' id='word_1_1' title='bbox 470 258 630 363; x_wconf 51' lang='lat'><strong>7&#39;90</strong></span> <span class='ocrx_word' id='word_1_2' title='bbox 1164 284 1306 369; x_wconf 53' lang='lat'><strong>,²²</strong></span> <span class='ocrx_word' id='word_1_3' title='bbox 1429 283 1728 331; x_wconf 75' lang='lat' dir='ltr'><strong>varr</strong></span> 
     </span>
    </p>
   </div>
   <div class='ocr_carea' id='block_1_2' title="bbox 366 438 2548 4143">
    <p class='ocr_par' dir='ltr' id='par_1_2' title="bbox 366 438 2548 4143">
     <span class='ocr_line' id='line_1_2' title="bbox 464 438 2530 552; baseline -0.008 -23"><span class='ocrx_word' id='word_1_4' title='bbox 464 457 765 530; x_wconf 77' lang='lat' dir='ltr'><strong>tribunus</strong></span> <span class='ocrx_word' id='word_1_5' title='bbox 792 452 1036 552; x_wconf 72' lang='lat' dir='ltr'><strong>plebia,</strong></span> <span class='ocrx_word' id='word_1_6' title='bbox 1079 452 1147 523; x_wconf 89' lang='lat' dir='ltr'><strong>P.</strong></span> <span class='ocrx_word' id='word_1_7' title='bbox 1181 445 1502 531; x_wconf 78' lang='lat' dir='ltr'><strong>Claudio,</strong></span> <span class='ocrx_word' id='word_1_8' title='bbox 1543 451 1613 520; x_wconf 89' lang='lat' dir='ltr'><strong>L.</strong></span> <span class='ocrx_word' id='word_1_9' title='bbox 1666 449 1906 519; x_wconf 87' lang='lat' dir='ltr'><strong>Porcio</strong></span> <span class='ocrx_word' id='word_1_10' title='bbox 1954 440 2364 516; x_wconf 87' lang='lat' dir='ltr'><strong>consulibus:</strong></span> <span class='ocrx_word' id='word_1_11' title='bbox 2421 438 2530 513; x_wconf 85' lang='lat' dir='ltr'><strong>sed</strong></span> 
     </span>
     <span class='ocr_line' id='line_1_3' title="bbox 471 543 2544 653; baseline -0.007 -20"><span class='ocrx_word' id='word_1_12' title='bbox 471 567 623 633; x_wconf 87' lang='lat' dir='ltr'><strong>iniit</strong></span> <span class='ocrx_word' id='word_1_13' title='bbox 651 560 1086 638; x_wconf 70' lang='lat' dir='ltr'><strong>tribunatum,</strong></span> <span class='ocrx_word' id='word_1_14' title='bbox 1132 559 1257 652; x_wconf 87' lang='lat' dir='ltr'><strong>Ap.</strong></span> <span class='ocrx_word' id='word_1_15' title='bbox 1291 550 1611 634; x_wconf 78' lang='lat' dir='ltr'><strong>Claudio,</strong></span> <span class='ocrx_word' id='word_1_16' title='bbox 1652 555 1752 621; x_wconf 87' lang='lat' dir='ltr'><strong>M.</strong></span> <span class='ocrx_word' id='word_1_17' title='bbox 1798 548 2200 648; x_wconf 77' lang='lat' dir='ltr'><strong>Se&#39;mpronio</strong></span> <span class='ocrx_word' id='word_1_18' title='bbox 2245 543 2544 653; x_wconf 75' lang='lat' dir='ltr'><strong>consuli·¹</strong></span> 
     </span>
     <span class='ocr_line' id='line_1_4' title="bbox 472 651 2533 758; baseline -0.008 -22"><span class='ocrx_word' id='word_1_19' title='bbox 472 666 632 746; x_wconf 64' lang='lat' dir='ltr'><strong>bm.</strong></span> <span class='ocrx_word' id='word_1_20' title='bbox 670 683 814 735; x_wconf 85' lang='lat' dir='ltr'><strong>ante</strong></span> <span class='ocrx_word' id='word_1_21' title='bbox 846 659 1025 732; x_wconf 90' lang='lat' dir='ltr'><strong>diem</strong></span> <span class='ocrx_word' id='word_1_22' title='bbox 1055 678 1356 758; x_wconf 81' lang='lat' dir='ltr'><strong>quartum</strong></span> <span class='ocrx_word' id='word_1_23' title='bbox 1387 654 1536 726; x_wconf 86' lang='lat' dir='ltr'>Idus</span> <span class='ocrx_word' id='word_1_24' title='bbox 1565 657 1979 725; x_wconf 77' lang='lat' dir='ltr'><strong>Decembres,</strong></span> <span class='ocrx_word' id='word_1_25' title='bbox 2009 651 2159 723; x_wconf 89' lang='lat' dir='ltr'><strong>inde</strong></span> <span class='ocrx_word' id='word_1_26' title='bbox 2194 671 2323 722; x_wconf 81' lang='lat' dir='ltr'><strong>tres</strong></span> <span class='ocrx_word' id='word_1_27' title='bbox 2355 668 2533 721; x_wconf 79' lang='lat' dir='ltr'><strong>men-</strong></span> 
     </span>
     <span class='ocr_line' id='line_1_5' title="bbox 476 754 2532 859; baseline -0.006 -21"><span class='ocrx_word' id='word_1_28' title='bbox 476 763 572 840; x_wconf 84' lang='lat' dir='ltr'><strong>ses</strong></span> <span class='ocrx_word' id='word_1_29' title='bbox 602 764 679 835; x_wconf 88' lang='lat' dir='ltr'><strong>ad</strong></span> <span class='ocrx_word' id='word_1_30' title='bbox 712 762 861 835; x_wconf 86' lang='lat' dir='ltr'>Idus</span> <span class='ocrx_word' id='word_1_31' title='bbox 891 756 1158 835; x_wconf 75' lang='lat' dir='ltr'><strong>Martias</strong></span> <span class='ocrx_word' id='word_1_32' title='bbox 1187 754 1364 845; x_wconf 79' lang='lat' dir='ltr'><strong>sunt3</strong></span> <span class='ocrx_word' id='word_1_33' title='bbox 1413 760 1640 859; x_wconf 84' lang='lat' dir='ltr'><strong>quibus</strong></span> <span class='ocrx_word' id='word_1_34' title='bbox 1666 762 1731 827; x_wconf 87' lang='grc' dir='ltr'><strong>Ρ.</strong></span> <span class='ocrx_word' id='word_1_35' title='bbox 1760 754 2104 851; x_wconf 62' lang='lat' dir='ltr'><strong>CiaqdiuS.</strong></span> <span class='ocrx_word' id='word_1_36' title='bbox 2145 760 2217 825; x_wconf 90' lang='lat' dir='ltr'><strong>L.</strong></span> <span class='ocrx_word' id='word_1_37' title='bbox 2265 760 2532 826; x_wconf 76' lang='lat' dir='ltr'><strong>Porcius</strong></span> 
     </span>
     <span class='ocr_line' id='line_1_6' title="bbox 476 856 2534 944; baseline -0.007 0"><span class='ocrx_word' id='word_1_38' title='bbox 476 864 885 944; x_wconf 84' lang='lat' dir='ltr'><strong>consulatum</strong></span> <span class='ocrx_word' id='word_1_39' title='bbox 916 872 1216 937; x_wconf 86' lang='lat' dir='ltr'><strong>inierunt.</strong></span> <span class='ocrx_word' id='word_1_40' title='bbox 1354 868 1446 934; x_wconf 81' lang='lat' dir='ltr'><strong>Ita</strong></span> <span class='ocrx_word' id='word_1_41' title='bbox 1489 882 1549 931; x_wconf 90' lang='lat' dir='ltr'><strong>et</strong></span> <span class='ocrx_word' id='word_1_42' title='bbox 1590 856 1806 931; x_wconf 78' lang='lat' dir='ltr'><strong>vixisse</strong></span> <span class='ocrx_word' id='word_1_43' title='bbox 1839 868 1912 931; x_wconf 89' lang='lat' dir='ltr'><strong>in</strong></span> <span class='ocrx_word' id='word_1_44' title='bbox 1949 860 2280 931; x_wconf 82' lang='lat' dir='ltr'>tribunatu</span> <span class='ocrx_word' id='word_1_45' title='bbox 2306 863 2534 929; x_wconf 84' lang='lat' dir='ltr'><strong>Naevii</strong></span> 
     </span>
     <span class='ocr_line' id='line_1_7' title="bbox 366 958 2533 1068; baseline -0.006 -22"><span class='ocrx_word' id='word_1_46' title='bbox 366 984 375 993; x_wconf 76' lang='grc'><em>“</em></span> <span class='ocrx_word' id='word_1_47' title='bbox 473 970 771 1054; x_wconf 76' lang='lat' dir='ltr'><strong>videtur,</strong></span> <span class='ocrx_word' id='word_1_48' title='bbox 823 966 1095 1068; x_wconf 63' lang='lat' dir='ltr'><strong>diesque⁴</strong></span> <span class='ocrx_word' id='word_1_49' title='bbox 1114 973 1176 1039; x_wconf 89' lang='lat' dir='ltr'><strong>ei</strong></span> <span class='ocrx_word' id='word_1_50' title='bbox 1204 964 1335 1039; x_wconf 87' lang='lat' dir='ltr'><strong>dici</strong></span> <span class='ocrx_word' id='word_1_51' title='bbox 1365 969 1442 1038; x_wconf 86' lang='lat' dir='ltr'><strong>ab</strong></span> <span class='ocrx_word' id='word_1_52' title='bbox 1476 990 1556 1036; x_wconf 89' lang='lat' dir='ltr'><strong>eo</strong></span> <span class='ocrx_word' id='word_1_53' title='bbox 1588 959 1899 1062; x_wconf 79' lang='lat' dir='ltr'><strong>potuiffe3</strong></span> <span class='ocrx_word' id='word_1_54' title='bbox 1949 958 2275 1034; x_wconf 83' lang='lat' dir='ltr'><strong>deceffisse</strong></span> <span class='ocrx_word' id='word_1_55' title='bbox 2321 982 2533 1033; x_wconf 82' lang='lat' dir='ltr'><strong>autem</strong></span> 
     </span>
     <span class='ocr_line' id='line_1_8' title="bbox 476 1064 2537 1150; baseline -0.006 -1"><span class='ocrx_word' id='word_1_56' title='bbox 476 1098 625 1150; x_wconf 85' lang='lat' dir='ltr'><strong>ante</strong></span> <span class='ocrx_word' id='word_1_57' title='bbox 660 1083 725 1147; x_wconf 84' lang='lat' dir='ltr'><strong>L.</strong></span> <span class='ocrx_word' id='word_1_58' title='bbox 756 1073 999 1144; x_wconf 87' lang='lat' dir='ltr'><strong>Valerii</strong></span> <span class='ocrx_word' id='word_1_59' title='bbox 1032 1075 1233 1142; x_wconf 81' lang='lat' dir='ltr'><strong>et‘M.</strong></span> <span class='ocrx_word' id='word_1_60' title='bbox 1263 1075 1481 1142; x_wconf 82' lang='lat' dir='ltr'><strong>Porcii</strong></span> <span class='ocrx_word' id='word_1_61' title='bbox 1526 1064 1878 1139; x_wconf 78' lang='lat' dir='ltr'><strong>censuram.</strong></span> <span class='ocrx_word' id='word_1_62' title='bbox 1979 1071 2233 1138; x_wconf 83' lang='lat' dir='ltr'>Trium</span> <span class='ocrx_word' id='word_1_63' title='bbox 2283 1064 2537 1137; x_wconf 79' lang='lat' dir='ltr'><strong>clariffi·</strong></span> 
     </span>
     <span class='ocr_line' id='line_1_9' title="bbox 481 1170 2539 1274; baseline -0.007 -20"><span class='ocrx_word' id='word_1_64' title='bbox 481 1206 756 1254; x_wconf 83' lang='lat' dir='ltr'><strong>morum</strong></span> <span class='ocrx_word' id='word_1_65' title='bbox 789 1175 931 1247; x_wconf 86' lang='lat' dir='ltr'><strong>snae</strong></span> <span class='ocrx_word' id='word_1_66' title='bbox 961 1170 1263 1274; x_wconf 86' lang='lat' dir='ltr'><strong>cujusque</strong></span> <span class='ocrx_word' id='word_1_67' title='bbox 1289 1179 1501 1271; x_wconf 88' lang='lat' dir='ltr'><strong>gentis</strong></span> <span class='ocrx_word' id='word_1_68' title='bbox 1532 1178 1826 1243; x_wconf 86' lang='lat' dir='ltr'><strong>virorum</strong></span> <span class='ocrx_word' id='word_1_69' title='bbox 1857 1196 1997 1241; x_wconf 89' lang='lat' dir='ltr'><strong>non</strong></span> <span class='ocrx_word' id='word_1_70' title='bbox 2026 1177 2238 1268; x_wconf 79' lang='lat' dir='ltr'><strong>magis</strong></span> <span class='ocrx_word' id='word_1_71' title='bbox 2284 1191 2539 1268; x_wconf 85' lang='lat' dir='ltr'><strong>tempo-</strong></span> 
     </span>
     <span class='ocr_line' id='line_1_10' title="bbox 480 1270 2541 1379; baseline -0.007 -22"><span class='ocrx_word' id='word_1_72' title='bbox 480 1311 556 1358; x_wconf 83' lang='lat' dir='ltr'><strong>re</strong></span> <span class='ocrx_word' id='word_1_73' title='bbox 586 1297 984 1379; x_wconf 82' lang='lat' dir='ltr'><strong>congruente</strong></span> <span class='ocrx_word' id='word_1_74' title='bbox 998 1278 1455 1375; x_wconf 86' lang='lat' dir='ltr'><strong>comparabilis</strong></span> <span class='ocrx_word' id='word_1_75' title='bbox 1480 1300 1658 1346; x_wconf 87' lang='lat' dir='ltr'><strong>mors</strong></span> <span class='ocrx_word' id='word_1_76' title='bbox 1674 1270 1926 1346; x_wconf 87' lang='lat' dir='ltr'><strong>videtur</strong></span> <span class='ocrx_word' id='word_1_77' title='bbox 1952 1271 2097 1356; x_wconf 77' lang='lat' dir='ltr'><strong>esse,</strong></span> <span class='ocrx_word' id='word_1_78' title='bbox 2128 1301 2334 1373; x_wconf 82' lang='lat' dir='ltr'><strong>quam</strong></span> <span class='ocrx_word' id='word_1_79' title='bbox 2367 1272 2541 1373; x_wconf 82' lang='lat' dir='ltr'><strong>quod</strong></span> 
     </span>
     <span class='ocr_line' id='line_1_11' title="bbox 480 1375 2539 1479; baseline -0.004 -23"><span class='ocrx_word' id='word_1_80' title='bbox 480 1410 689 1458; x_wconf 87' lang='lat' dir='ltr'><strong>nemo</strong></span> <span class='ocrx_word' id='word_1_81' title='bbox 731 1410 964 1454; x_wconf 88' lang='lat' dir='ltr'><strong>eorum</strong></span> <span class='ocrx_word' id='word_1_82' title='bbox 1010 1379 1150 1454; x_wconf 86' lang='lat' dir='ltr'><strong>satis</strong></span> <span class='ocrx_word' id='word_1_83' title='bbox 1198 1378 1475 1479; x_wconf 85' lang='lat' dir='ltr'><strong>dignum</strong></span> <span class='ocrx_word' id='word_1_84' title='bbox 1519 1375 1869 1476; x_wconf 78' lang='lat' dir='ltr'><strong>splendore</strong></span> <span class='ocrx_word' id='word_1_85' title='bbox 1909 1384 2077 1449; x_wconf 84' lang='lat' dir='ltr'><strong>vitae</strong></span> <span class='ocrx_word' id='word_1_86' title='bbox 2137 1384 2400 1448; x_wconf 79' lang='lat' dir='ltr'><strong>exitum</strong></span> <span class='ocrx_word' id='word_1_87' title='bbox 2443 1383 2539 1450; x_wconf 78' lang='lat' dir='ltr'><strong>ha-</strong></span> 
     </span>
     <span class='ocr_line' id='line_1_12' title="bbox 481 1458 2536 1583; baseline -0.004 -23"><span class='ocrx_word' id='word_1_88' title='bbox 481 1487 640 1561; x_wconf 85' lang='lat' dir='ltr'><strong>buit.</strong></span> <span class='ocrx_word' id='word_1_89' title='bbox 785 1490 821 1572; x_wconf 86' lang='lat' dir='ltr'>J</span> <span class='ocrx_word' id='word_1_90' title='bbox 833 1514 938 1558; x_wconf 87' lang='lat' dir='ltr'><strong>am</strong></span> <span class='ocrx_word' id='word_1_91' title='bbox 986 1493 1279 1583; x_wconf 87' lang='lat' dir='ltr'><strong>primum</strong></span> <span class='ocrx_word' id='word_1_92' title='bbox 1310 1458 1542 1554; x_wconf 55' lang='lat' dir='ltr'><strong>omngs</strong></span> <span class='ocrx_word' id='word_1_93' title='bbox 1579 1509 1718 1553; x_wconf 88' lang='lat' dir='ltr'><strong>non</strong></span> <span class='ocrx_word' id='word_1_94' title='bbox 1749 1489 1819 1553; x_wconf 90' lang='lat' dir='ltr'><strong>in</strong></span> <span class='ocrx_word' id='word_1_95' title='bbox 1850 1487 2059 1579; x_wconf 84' lang='lat' dir='ltr'><strong>patrio</strong></span> <span class='ocrx_word' id='word_1_96' title='bbox 2091 1476 2235 1551; x_wconf 90' lang='lat' dir='ltr'><strong>solo</strong></span> <span class='ocrx_word' id='word_1_97' title='bbox 2273 1488 2536 1563; x_wconf 74' lang='lat' dir='ltr'><strong>mortui,</strong></span> 
     </span>
     <span class='ocr_line' id='line_1_13' title="bbox 484 1582 2540 1689; baseline -0.005 -23"><span class='ocrx_word' id='word_1_98' title='bbox 484 1619 616 1666; x_wconf 84' lang='lat' dir='ltr'><strong>nec</strong></span> <span class='ocrx_word' id='word_1_99' title='bbox 644 1587 870 1689; x_wconf 83' lang='lat' dir='ltr'><strong>sepulti</strong></span> <span class='ocrx_word' id='word_1_100' title='bbox 900 1585 1062 1660; x_wconf 88' lang='lat' dir='ltr'><strong>sunt.</strong></span> <span class='ocrx_word' id='word_1_101' title='bbox 1108 1613 1365 1659; x_wconf 87' lang='lat' dir='ltr'><strong>veneno</strong></span> <span class='ocrx_word' id='word_1_102' title='bbox 1396 1582 1663 1657; x_wconf 86' lang='lat' dir='ltr'><strong>absumti</strong></span> <span class='ocrx_word' id='word_1_103' title='bbox 1703 1585 2042 1658; x_wconf 80' lang='lat' dir='ltr'><strong>Hannibal</strong></span> <span class='ocrx_word' id='word_1_104' title='bbox 2077 1604 2138 1655; x_wconf 87' lang='lat' dir='ltr'><strong>et</strong></span> <span class='ocrx_word' id='word_1_105' title='bbox 2188 1584 2540 1683; x_wconf 72' lang='lat' dir='ltr'><strong>Philopoe-</strong></span> 
     </span>
     <span class='ocr_line' id='line_1_14' title="bbox 491 1684 2538 1789; baseline -0.003 -22"><span class='ocrx_word' id='word_1_106' title='bbox 491 1723 693 1779; x_wconf 74' lang='lat' dir='ltr'><strong>mem,</strong></span> <span class='ocrx_word' id='word_1_107' title='bbox 740 1684 914 1771; x_wconf 80' lang='lat' dir='ltr'><strong>exsul</strong></span> <span class='ocrx_word' id='word_1_108' title='bbox 947 1691 1318 1776; x_wconf 77' lang='lat' dir='ltr'><strong>Hannibal,</strong></span> <span class='ocrx_word' id='word_1_109' title='bbox 1360 1686 1652 1789; x_wconf 90' lang='lat' dir='ltr'><strong>proditus</strong></span> <span class='ocrx_word' id='word_1_110' title='bbox 1680 1689 1757 1761; x_wconf 90' lang='lat' dir='ltr'><strong>ab</strong></span> <span class='ocrx_word' id='word_1_111' title='bbox 1786 1684 2077 1786; x_wconf 80' lang='lat' dir='ltr'><strong>hospite3</strong></span> <span class='ocrx_word' id='word_1_112' title='bbox 2131 1708 2361 1789; x_wconf 86' lang='lat' dir='ltr'><strong>captus</strong></span> <span class='ocrx_word' id='word_1_113' title='bbox 2404 1693 2538 1761; x_wconf 72' lang='lat' dir='ltr'><strong>Phi-</strong></span> 
     </span>
     <span class='ocr_line' id='line_1_15' title="bbox 444 1789 2540 1898; baseline -0.004 -26"><span class='ocrx_word' id='word_1_114' title='bbox 444 1791 463 1803; x_wconf 43' lang='lat'><em>*</em></span> <span class='ocrx_word' id='word_1_115' title='bbox 490 1799 854 1898; x_wconf 85' lang='lat' dir='ltr'><strong>lopoemen</strong></span> <span class='ocrx_word' id='word_1_116' title='bbox 906 1802 971 1867; x_wconf 89' lang='lat' dir='ltr'><strong>in</strong></span> <span class='ocrx_word' id='word_1_117' title='bbox 1019 1821 1267 1869; x_wconf 83' lang='lat' dir='ltr'><strong>carcere</strong></span> <span class='ocrx_word' id='word_1_118' title='bbox 1308 1801 1463 1865; x_wconf 87' lang='lat' dir='ltr'><strong>etin</strong></span> <span class='ocrx_word' id='word_1_119' title='bbox 1491 1793 1768 1864; x_wconf 87' lang='lat' dir='ltr'><strong>vinculis</strong></span> <span class='ocrx_word' id='word_1_120' title='bbox 1794 1789 2156 1890; x_wconf 83' lang='lat' dir='ltr'><strong>exspiravit.</strong></span> <span class='ocrx_word' id='word_1_121' title='bbox 2307 1796 2540 1891; x_wconf 78' lang='lat' dir='ltr'><strong>Scipio,</strong></span> 
     </span>
     <span class='ocr_line' id='line_1_16' title="bbox 494 1890 2538 1995; baseline -0.004 -21"><span class='ocrx_word' id='word_1_122' title='bbox 494 1901 607 1974; x_wconf 80' lang='lat' dir='ltr'><strong>etfi</strong></span> <span class='ocrx_word' id='word_1_123' title='bbox 658 1926 797 1972; x_wconf 90' lang='lat' dir='ltr'><strong>non</strong></span> <span class='ocrx_word' id='word_1_124' title='bbox 843 1897 1050 1981; x_wconf 69' lang='lat' dir='ltr'><strong>exsul,</strong></span> <span class='ocrx_word' id='word_1_125' title='bbox 1100 1924 1313 1995; x_wconf 86' lang='lat' dir='ltr'><strong>neque</strong></span> <span class='ocrx_word' id='word_1_126' title='bbox 1364 1894 1733 1979; x_wconf 64' lang='lat' dir='ltr'><strong>dammum.</strong></span> <span class='ocrx_word' id='word_1_127' title='bbox 1791 1893 1898 1966; x_wconf 89' lang='lat' dir='ltr'><strong>die</strong></span> <span class='ocrx_word' id='word_1_128' title='bbox 1934 1917 2156 1967; x_wconf 89' lang='lat' dir='ltr'><strong>tamen</strong></span> <span class='ocrx_word' id='word_1_129' title='bbox 2197 1890 2412 1978; x_wconf 60' lang='lat' dir='ltr'><strong>dicia,</strong></span> <span class='ocrx_word' id='word_1_130' title='bbox 2465 1893 2538 1966; x_wconf 83' lang='lat' dir='ltr'><strong>ad</strong></span> 
     </span>
     <span class='ocr_line' id='line_1_17' title="bbox 488 1994 2539 2105; baseline -0.003 -30"><span class='ocrx_word' id='word_1_131' title='bbox 488 2032 682 2105; x_wconf 89' lang='lat' dir='ltr'><strong>quam</strong></span> <span class='ocrx_word' id='word_1_132' title='bbox 730 2027 868 2072; x_wconf 92' lang='lat' dir='ltr'><strong>non</strong></span> <span class='ocrx_word' id='word_1_133' title='bbox 912 1997 1201 2072; x_wconf 84' lang='lat' dir='ltr'><strong>adfuerat</strong></span> <span class='ocrx_word' id='word_1_134' title='bbox 1246 2025 1427 2081; x_wconf 69' lang='lat' dir='ltr'><strong>reuS,</strong></span> <span class='ocrx_word' id='word_1_135' title='bbox 1484 1994 1706 2075; x_wconf 78' lang='lat' dir='ltr'><strong>absens</strong></span> <span class='ocrx_word' id='word_1_136' title='bbox 1759 2005 2014 2083; x_wconf 72' lang='lat' dir='ltr'><strong>citatuS‚</strong></span> <span class='ocrx_word' id='word_1_137' title='bbox 2096 1999 2539 2070; x_wconf 62' lang='lat' dir='ltr'><strong>voluntarium</strong></span> 
     </span>
     <span class='ocr_line' id='line_1_18' title="bbox 486 2098 2537 2204; baseline -0.001 -26"><span class='ocrx_word' id='word_1_138' title='bbox 486 2132 633 2179; x_wconf 84' lang='lat' dir='ltr'><strong>non</strong></span> <span class='ocrx_word' id='word_1_139' title='bbox 665 2101 922 2175; x_wconf 77' lang='lat' dir='ltr'><strong>sibimet</strong></span> <span class='ocrx_word' id='word_1_140' title='bbox 952 2099 1082 2204; x_wconf 86' lang='lat' dir='ltr'><strong>ipse</strong></span> <span class='ocrx_word' id='word_1_141' title='bbox 1111 2099 1365 2189; x_wconf 79' lang='lat' dir='ltr'><strong>solum,</strong></span> <span class='ocrx_word' id='word_1_142' title='bbox 1404 2098 1516 2173; x_wconf 86' lang='lat' dir='ltr'><strong>sed</strong></span> <span class='ocrx_word' id='word_1_143' title='bbox 1544 2108 1740 2174; x_wconf 87' lang='lat' dir='ltr'><strong>etiam</strong></span> <span class='ocrx_word' id='word_1_144' title='bbox 1772 2098 1984 2176; x_wconf 87' lang='lat' dir='ltr'><strong>funeri</strong></span> <span class='ocrx_word' id='word_1_145' title='bbox 2034 2098 2195 2187; x_wconf 75' lang='grc' dir='ltr'><strong>[υο,</strong></span> <span class='ocrx_word' id='word_1_146' title='bbox 2243 2101 2537 2176; x_wconf 74' lang='lat' dir='ltr'><strong>exsilium</strong></span> 
     </span>
     <span class='ocr_line' id='line_1_19' title="bbox 488 2208 2256 2283; baseline -0.003 0"><span class='ocrx_word' id='word_1_147' title='bbox 488 2208 751 2283; x_wconf 86' lang='lat' dir='ltr'><strong>indixit.</strong></span> <span class='ocrx_word' id='word_1_148' title='bbox 2249 2228 2256 2235; x_wconf 84' lang='lat'>&#39;</span> 
     </span>
     <span class='ocr_line' id='line_1_20' title="bbox 638 2302 2537 2411; baseline -0.001 -27"><span class='ocrx_word' id='word_1_149' title='bbox 638 2315 804 2384; x_wconf 84' lang='lat' dir='ltr'><strong>Lm.</strong></span> <span class='ocrx_word' id='word_1_150' title='bbox 851 2313 1036 2384; x_wconf 89' lang='lat' dir='ltr'><strong>Dum</strong></span> <span class='ocrx_word' id='word_1_151' title='bbox 1073 2339 1145 2384; x_wconf 88' lang='lat' dir='ltr'><strong>ea</strong></span> <span class='ocrx_word' id='word_1_152' title='bbox 1176 2302 1248 2384; x_wconf 88' lang='lat' dir='ltr'><strong>in</strong></span> <span class='ocrx_word' id='word_1_153' title='bbox 1275 2307 1737 2410; x_wconf 85' lang='lat' dir='ltr'><strong>Peloponneso</strong></span> <span class='ocrx_word' id='word_1_154' title='bbox 1764 2309 1837 2399; x_wconf 87' lang='lat' dir='ltr'><strong>(a</strong></span> <span class='ocrx_word' id='word_1_155' title='bbox 1866 2310 2097 2411; x_wconf 80' lang='lat' dir='ltr'><strong>quibus</strong></span> <span class='ocrx_word' id='word_1_156' title='bbox 2124 2306 2392 2384; x_wconf 80' lang='lat' dir='ltr'><strong>divertit</strong></span> <span class='ocrx_word' id='word_1_157' title='bbox 2419 2338 2537 2383; x_wconf 74' lang='lat' dir='ltr'><strong>ora-</strong></span> 
     </span>
     <span class='ocr_line' id='line_1_21' title="bbox 456 2412 2531 2515; baseline -0.001 -25"><span class='ocrx_word' id='word_1_158' title='bbox 456 2422 635 2511; x_wconf 77' lang='lat' dir='ltr'><strong>tio)</strong></span> <span class='ocrx_word' id='word_1_159' title='bbox 695 2436 1036 2515; x_wconf 65' lang='lat' dir='ltr'><strong>geruntur.</strong></span> <span class='ocrx_word' id='word_1_160' title='bbox 1084 2413 1323 2487; x_wconf 88' lang='lat' dir='ltr'><strong>reditus</strong></span> <span class='ocrx_word' id='word_1_161' title='bbox 1368 2423 1440 2487; x_wconf 86' lang='lat' dir='ltr'><strong>in</strong></span> <span class='ocrx_word' id='word_1_162' title='bbox 1484 2412 1956 2488; x_wconf 79' lang='lat' dir='ltr'><strong>Macedoniam</strong></span> <span class='ocrx_word' id='word_1_163' title='bbox 1998 2418 2334 2487; x_wconf 87' lang='lat' dir='ltr'><strong>Demetrii</strong></span> <span class='ocrx_word' id='word_1_164' title='bbox 2380 2417 2531 2513; x_wconf 77' lang='lat' dir='ltr'><strong>lega·</strong></span> 
     </span>
     <span class='ocr_line' id='line_1_22' title="bbox 494 2514 2525 2620; baseline 0 -29"><span class='ocrx_word' id='word_1_165' title='bbox 494 2539 850 2620; x_wconf 86' lang='lat' dir='ltr'><strong>torumque</strong></span> <span class='ocrx_word' id='word_1_166' title='bbox 881 2519 1062 2589; x_wconf 82' lang='lat' dir='ltr'><strong>aliter</strong></span> <span class='ocrx_word' id='word_1_167' title='bbox 1099 2519 1380 2591; x_wconf 88' lang='lat' dir='ltr'><strong>aliorum</strong></span> <span class='ocrx_word' id='word_1_168' title='bbox 1420 2514 1740 2590; x_wconf 80' lang='lat' dir='ltr'><strong>adfecerat</strong></span> <span class='ocrx_word' id='word_1_169' title='bbox 1776 2526 2047 2589; x_wconf 68' lang='lat' dir='ltr'><strong>animm.</strong></span> <span class='ocrx_word' id='word_1_170' title='bbox 2117 2519 2360 2616; x_wconf 83' lang='lat' dir='ltr'><strong>vulgus</strong></span> <span class='ocrx_word' id='word_1_171' title='bbox 2398 2525 2525 2591; x_wconf 79' lang='lat' dir='ltr'><strong>Ma·</strong></span> 
     </span>
     <span class='ocr_line' id='line_1_23' title="bbox 496 2619 2535 2720; baseline -0.001 -25"><span class='ocrx_word' id='word_1_172' title='bbox 496 2619 865 2705; x_wconf 78' lang='lat' dir='ltr'><strong>cedonum,</strong></span> <span class='ocrx_word' id='word_1_173' title='bbox 905 2648 1065 2720; x_wconf 86' lang='lat' dir='ltr'><strong>quos</strong></span> <span class='ocrx_word' id='word_1_174' title='bbox 1094 2622 1250 2693; x_wconf 87' lang='lat' dir='ltr'><strong>belli</strong></span> <span class='ocrx_word' id='word_1_175' title='bbox 1280 2624 1357 2694; x_wconf 87' lang='lat' dir='ltr'><strong>ab</strong></span> <span class='ocrx_word' id='word_1_176' title='bbox 1389 2627 1708 2694; x_wconf 82' lang='lat' dir='ltr'><strong>Romanis</strong></span> <span class='ocrx_word' id='word_1_177' title='bbox 1754 2626 2137 2693; x_wconf 85' lang='lat' dir='ltr'><strong>inminentis</strong></span> <span class='ocrx_word' id='word_1_178' title='bbox 2180 2645 2395 2694; x_wconf 80' lang='lat' dir='ltr'><strong>metus</strong></span> <span class='ocrx_word' id='word_1_179' title='bbox 2433 2645 2535 2693; x_wconf 83' lang='lat' dir='ltr'><strong>ter·</strong></span> 
     </span>
     <span class='ocr_line' id='line_1_24' title="bbox 422 2722 2537 2825; baseline -0.001 -27"><span class='ocrx_word' id='word_1_180' title='bbox 422 2759 427 2768; x_wconf 86' lang='lat'><em>·</em></span> <span class='ocrx_word' id='word_1_181' title='bbox 491 2746 740 2810; x_wconf 79' lang='lat' dir='ltr'><strong>ruerat,</strong></span> <span class='ocrx_word' id='word_1_182' title='bbox 778 2730 1231 2811; x_wconf 84' lang='lat' dir='ltr'><strong>Demetrium,</strong></span> <span class='ocrx_word' id='word_1_183' title='bbox 1275 2747 1347 2796; x_wconf 89' lang='lat' dir='ltr'><strong>ut</strong></span> <span class='ocrx_word' id='word_1_184' title='bbox 1373 2732 1544 2825; x_wconf 85' lang='lat' dir='ltr'><strong>pacis</strong></span> <span class='ocrx_word' id='word_1_185' title='bbox 1567 2727 1932 2810; x_wconf 63' lang='lat' dir='ltr'><strong>aucloretm</strong></span> <span class='ocrx_word' id='word_1_186' title='bbox 1975 2752 2134 2796; x_wconf 85' lang='lat' dir='ltr'><strong>cum</strong></span> <span class='ocrx_word' id='word_1_187' title='bbox 2175 2733 2431 2824; x_wconf 81' lang='lat' dir='ltr'><strong>ingenti</strong></span> <span class='ocrx_word' id='word_1_188' title='bbox 2457 2722 2537 2796; x_wconf 75' lang='lat' dir='ltr'><strong>sa·</strong></span> 
     </span>
     <span class='ocr_line' id='line_1_25' title="bbox 494 2825 2538 2927; baseline -0 -27"><span class='ocrx_word' id='word_1_189' title='bbox 494 2854 660 2901; x_wconf 84' lang='lat' dir='ltr'><strong>vore</strong></span> <span class='ocrx_word' id='word_1_190' title='bbox 703 2825 1221 2927; x_wconf 81' lang='lat' dir='ltr'><strong>conspiciebant:</strong></span> <span class='ocrx_word' id='word_1_191' title='bbox 1272 2825 1467 2901; x_wconf 83' lang='lat' dir='ltr'><strong>fimul</strong></span> <span class='ocrx_word' id='word_1_192' title='bbox 1512 2848 1574 2899; x_wconf 92' lang='lat' dir='ltr'><strong>et</strong></span> <span class='ocrx_word' id='word_1_193' title='bbox 1598 2825 1706 2927; x_wconf 88' lang='lat' dir='ltr'><strong>spe</strong></span> <span class='ocrx_word' id='word_1_194' title='bbox 1745 2825 1920 2901; x_wconf 86' lang='lat' dir='ltr'><strong>haud</strong></span> <span class='ocrx_word' id='word_1_195' title='bbox 1950 2826 2147 2900; x_wconf 85' lang='lat' dir='ltr'><strong>dubia</strong></span> <span class='ocrx_word' id='word_1_196' title='bbox 2182 2856 2453 2926; x_wconf 78' lang='lat' dir='ltr'><strong>regnum</strong></span> <span class='ocrx_word' id='word_1_197' title='bbox 2476 2834 2538 2900; x_wconf 82' lang='lat' dir='ltr'><strong>ei</strong></span> 
     </span>
     <span class='ocr_line' id='line_1_26' title="bbox 499 2929 2539 3032; baseline -0.001 -28"><span class='ocrx_word' id='word_1_198' title='bbox 499 2931 652 3032; x_wconf 85' lang='lat' dir='ltr'><strong>post</strong></span> <span class='ocrx_word' id='word_1_199' title='bbox 682 2954 966 3006; x_wconf 87' lang='lat' dir='ltr'><strong>mortem</strong></span> <span class='ocrx_word' id='word_1_200' title='bbox 996 2939 1185 3029; x_wconf 88' lang='lat' dir='ltr'><strong>patris</strong></span> <span class='ocrx_word' id='word_1_201' title='bbox 1236 2929 1651 3004; x_wconf 81' lang='lat' dir='ltr'><strong>destinabant.</strong></span> <span class='ocrx_word' id='word_1_202' title='bbox 1745 2965 1756 2971; x_wconf 89' lang='lat'><strong>·</strong></span> <span class='ocrx_word' id='word_1_203' title='bbox 1790 2935 2003 3015; x_wconf 77' lang='lat' dir='ltr'><strong>Nam,</strong></span> <span class='ocrx_word' id='word_1_204' title='bbox 2063 2935 2179 3032; x_wconf 58' lang='lat' dir='ltr'><strong>effi</strong></span> <span class='ocrx_word' id='word_1_205' title='bbox 2211 2937 2418 3002; x_wconf 72' lang='lat' dir='ltr'><strong>minor</strong></span> <span class='ocrx_word' id='word_1_206' title='bbox 2457 2939 2539 3025; x_wconf 60' lang='grc' dir='ltr'><strong>Χ)</strong></span> 
     </span>
     <span class='ocr_line' id='line_1_27' title="bbox 498 3033 2534 3134; baseline -0 -28"><span class='ocrx_word' id='word_1_207' title='bbox 498 3051 741 3120; x_wconf 75' lang='lat' dir='ltr'><strong>aetate,</strong></span> <span class='ocrx_word' id='word_1_208' title='bbox 779 3061 964 3130; x_wconf 75' lang='lat' dir='ltr'><strong>quam</strong></span> <span class='ocrx_word' id='word_1_209' title='bbox 1008 3033 1318 3127; x_wconf 64' lang='lat' dir='ltr'><strong>Persius,</strong></span> <span class='ocrx_word' id='word_1_210' title='bbox 1372 3035 1547 3131; x_wconf 62' lang='lat' dir='ltr'><strong>effa,</strong></span> <span class='ocrx_word' id='word_1_211' title='bbox 1589 3040 1751 3127; x_wconf 58' lang='lat' dir='ltr'><strong>lianc</strong></span> <span class='ocrx_word' id='word_1_212' title='bbox 1780 3052 1988 3109; x_wconf 69' lang='lat' dir='ltr'><strong>tamen</strong></span> <span class='ocrx_word' id='word_1_213' title='bbox 1999 3037 2187 3134; x_wconf 70' lang='lat' dir='ltr'><strong>jaefia</strong></span> <span class='ocrx_word' id='word_1_214' title='bbox 2225 3037 2534 3131; x_wconf 74' lang='lat' dir='ltr'><strong>matrefa-</strong></span> 
     </span>
     <span class='ocr_line' id='line_1_28' title="bbox 497 3139 2538 3237; baseline -0.002 -23"><span class='ocrx_word' id='word_1_215' title='bbox 497 3142 714 3214; x_wconf 79' lang='lat' dir='ltr'><strong>miliac</strong></span> <span class='ocrx_word' id='word_1_216' title='bbox 742 3142 866 3225; x_wconf 76' lang='lat' dir='ltr'><strong>y),·</strong></span> <span class='ocrx_word' id='word_1_217' title='bbox 908 3141 1091 3210; x_wconf 78' lang='lat' dir='ltr'><strong>illum</strong></span> <span class='ocrx_word' id='word_1_218' title='bbox 1108 3141 1340 3230; x_wconf 77' lang='lat' dir='ltr'><strong>pellice</strong></span> <span class='ocrx_word' id='word_1_219' title='bbox 1373 3154 1593 3210; x_wconf 81' lang='lat' dir='ltr'><strong>ortum</strong></span> <span class='ocrx_word' id='word_1_220' title='bbox 1620 3139 1767 3236; x_wconf 70' lang='lat' dir='ltr'><strong>effi:</strong></span> <span class='ocrx_word' id='word_1_221' title='bbox 1807 3143 2029 3223; x_wconf 79' lang='lat' dir='ltr'><strong>illum,</strong></span> <span class='ocrx_word' id='word_1_222' title='bbox 2071 3156 2150 3211; x_wconf 82' lang='lat' dir='ltr'><strong>ut.</strong></span> <span class='ocrx_word' id='word_1_223' title='bbox 2191 3164 2269 3209; x_wconf 77' lang='lat' dir='ltr'><strong>ex</strong></span> <span class='ocrx_word' id='word_1_224' title='bbox 2311 3143 2538 3237; x_wconf 69' lang='lat' dir='ltr'><strong>vulga-</strong></span> 
     </span>
     <span class='ocr_line' id='line_1_29' title="bbox 495 3245 2537 3338; baseline 0.003 -25"><span class='ocrx_word' id='word_1_225' title='bbox 495 3255 570 3315; x_wconf 88' lang='lat' dir='ltr'><strong>to</strong></span> <span class='ocrx_word' id='word_1_226' title='bbox 618 3265 889 3333; x_wconf 77' lang='lat' dir='ltr'><strong>corpore</strong></span> <span class='ocrx_word' id='word_1_227' title='bbox 936 3245 1266 3338; x_wconf 79' lang='lat' dir='ltr'><strong>genitum,</strong></span> <span class='ocrx_word' id='word_1_228' title='bbox 1318 3246 1568 3313; x_wconf 76' lang='lat' dir='ltr'><strong>nullam</strong></span> <span class='ocrx_word' id='word_1_229' title='bbox 1598 3248 1756 3315; x_wconf 82' lang='lat' dir='ltr'><strong>certi</strong></span> <span class='ocrx_word' id='word_1_230' title='bbox 1773 3247 2004 3338; x_wconf 82' lang='lat' dir='ltr'><strong>patris</strong></span> <span class='ocrx_word' id='word_1_231' title='bbox 2027 3261 2252 3314; x_wconf 77' lang='lat' dir='ltr'><strong>notam</strong></span> <span class='ocrx_word' id='word_1_232' title='bbox 2283 3246 2537 3319; x_wconf 55' lang='lat' dir='ltr'><strong>haber&amp;</strong></span> 
     </span>
     <span class='ocr_line' id='line_1_30' title="bbox 378 3343 2545 3445; baseline 0 -28"><span class='ocrx_word' id='word_1_233' title='bbox 378 3432 388 3445; x_wconf 83' lang='lat'><strong>.</strong></span> <span class='ocrx_word' id='word_1_234' title='bbox 497 3343 667 3417; x_wconf 75' lang='lat' dir='ltr'><strong>hunc</strong></span> <span class='ocrx_word' id='word_1_235' title='bbox 696 3346 1835 3443; x_wconf 66' lang='lat' dir='ltr'><strong>instgnem.Philtppistmilitudinem</strong></span> <span class='ocrx_word' id='word_1_236' title='bbox 1850 3346 2333 3441; x_wconf 77' lang='lat' dir='ltr'><strong>praefiferrc.</strong></span> <span class='ocrx_word' id='word_1_237' title='bbox 2431 3345 2545 3418; x_wconf 70' lang='lat' dir='ltr'><strong>Ad</strong></span> 
     </span>
     <span class='ocr_line' id='line_1_31' title="bbox 500 3446 2543 3543; baseline 0.001 -23"><span class='ocrx_word' id='word_1_238' title='bbox 500 3449 648 3533; x_wconf 74' lang='lat' dir='ltr'><strong>hoc,</strong></span> <span class='ocrx_word' id='word_1_239' title='bbox 697 3447 1035 3520; x_wconf 58' lang='lat' dir='ltr'><strong>Romanor</strong></span> <span class='ocrx_word' id='word_1_240' title='bbox 1073 3449 1488 3521; x_wconf 76' lang='lat' dir='ltr'><strong>Demetrium</strong></span> <span class='ocrx_word' id='word_1_241' title='bbox 1544 3455 1612 3522; x_wconf 79' lang='lat' dir='ltr'><strong>in</strong></span> <span class='ocrx_word' id='word_1_242' title='bbox 1639 3466 1927 3543; x_wconf 80' lang='lat' dir='ltr'><strong>paterno</strong></span> <span class='ocrx_word' id='word_1_243' title='bbox 1962 3446 2142 3543; x_wconf 85' lang='lat' dir='ltr'><strong>solio</strong></span> <span class='ocrx_word' id='word_1_244' title='bbox 2187 3455 2543 3530; x_wconf 53' lang='lat' dir='ltr'><strong>locaturum·</strong></span> 
     </span>
     <span class='ocr_line' id='line_1_32' title="bbox 502 3551 2542 3653; baseline -0 -28"><span class='ocrx_word' id='word_1_245' title='bbox 502 3551 732 3646; x_wconf 78' lang='lat' dir='ltr'><strong>Pcrfii</strong></span> <span class='ocrx_word' id='word_1_246' title='bbox 757 3556 1008 3626; x_wconf 71' lang='lat' dir='ltr'><strong>nullam</strong></span> <span class='ocrx_word' id='word_1_247' title='bbox 1045 3556 1223 3645; x_wconf 71' lang='lat' dir='ltr'><strong>apud</strong></span> <span class='ocrx_word' id='word_1_248' title='bbox 1245 3551 1346 3623; x_wconf 73' lang='lat' dir='ltr'><strong>eos·</strong></span> <span class='ocrx_word' id='word_1_249' title='bbox 1368 3557 1671 3651; x_wconf 83' lang='lat' dir='ltr'><strong>gratiam</strong></span> <span class='ocrx_word' id='word_1_250' title='bbox 1707 3554 1827 3650; x_wconf 63' lang='lat' dir='ltr'><strong>‘ff‘-</strong></span> <span class='ocrx_word' id='word_1_251' title='bbox 1979 3556 2166 3623; x_wconf 87' lang='lat' dir='ltr'><strong>Haec</strong></span> <span class='ocrx_word' id='word_1_252' title='bbox 2205 3554 2410 3653; x_wconf 86' lang='lat' dir='ltr'><strong>vulgo</strong></span> <span class='ocrx_word' id='word_1_253' title='bbox 2450 3553 2542 3625; x_wconf 89' lang='lat' dir='ltr'><strong>lo·</strong></span> 
     </span>
     <span class='ocr_line' id='line_1_33' title="bbox 444 3641 2544 3756; baseline 0.001 -30"><span class='ocrx_word' id='word_1_254' title='bbox 444 3641 449 3654; x_wconf 53' lang='lat'>⁵</span> <span class='ocrx_word' id='word_1_255' title='bbox 501 3658 879 3750; x_wconf 84' lang='lat' dir='ltr'><strong>quebantm·.</strong></span> <span class='ocrx_word' id='word_1_256' title='bbox 930 3662 1141 3753; x_wconf 88' lang='lat' dir='ltr'><strong>itaque</strong></span> <span class='ocrx_word' id='word_1_257' title='bbox 1170 3675 1230 3726; x_wconf 91' lang='lat' dir='ltr'><strong>et</strong></span> <span class='ocrx_word' id='word_1_258' title='bbox 1256 3653 1474 3726; x_wconf 86' lang='lat' dir='ltr'><strong>Persea</strong></span> <span class='ocrx_word' id='word_1_259' title='bbox 1506 3684 1658 3728; x_wconf 88' lang='lat' dir='ltr'><strong>cura</strong></span> <span class='ocrx_word' id='word_1_260' title='bbox 1684 3658 1991 3756; x_wconf 79' lang='lat' dir='ltr'><strong>angebat,</strong></span> <span class='ocrx_word' id='word_1_261' title='bbox 2032 3683 2118 3727; x_wconf 89' lang='lat' dir='ltr'><strong>ne</strong></span> <span class='ocrx_word' id='word_1_262' title='bbox 2145 3682 2381 3755; x_wconf 83' lang='lat' dir='ltr'><strong>parum</strong></span> <span class='ocrx_word' id='word_1_263' title='bbox 2426 3683 2544 3756; x_wconf 87' lang='lat' dir='ltr'><strong>pro</strong></span> 
     </span>
     <span class='ocr_line' id='line_1_34' title="bbox 498 3754 2546 3858; baseline 0 -27"><span class='ocrx_word' id='word_1_264' title='bbox 498 3754 568 3832; x_wconf 82' lang='lat' dir='ltr'><strong>se</strong></span> <span class='ocrx_word' id='word_1_265' title='bbox 597 3786 726 3828; x_wconf 88' lang='lat' dir='ltr'><strong>una</strong></span> <span class='ocrx_word' id='word_1_266' title='bbox 751 3779 913 3829; x_wconf 83' lang='lat' dir='ltr'><strong>aetas</strong></span> <span class='ocrx_word' id='word_1_267' title='bbox 944 3760 1218 3839; x_wconf 73' lang='lat' dir='ltr'><strong>valeret,</strong></span> <span class='ocrx_word' id='word_1_268' title='bbox 1268 3786 1471 3858; x_wconf 87' lang='lat' dir='ltr'><strong>quum</strong></span> <span class='ocrx_word' id='word_1_269' title='bbox 1503 3759 1811 3831; x_wconf 85' lang='lat' dir='ltr'><strong>omnibus</strong></span> <span class='ocrx_word' id='word_1_270' title='bbox 1841 3759 1986 3832; x_wconf 85' lang='lat' dir='ltr'><strong>aliis</strong></span> <span class='ocrx_word' id='word_1_271' title='bbox 2017 3761 2202 3830; x_wconf 86' lang='lat' dir='ltr'><strong>rebus</strong></span> <span class='ocrx_word' id='word_1_272' title='bbox 2230 3755 2432 3832; x_wconf 85' lang='lat' dir='ltr'><strong>frater</strong></span> <span class='ocrx_word' id='word_1_273' title='bbox 2453 3756 2546 3831; x_wconf 83' lang='lat' dir='ltr'><strong>su·</strong></span> 
     </span>
     <span class='ocr_line' id='line_1_35' title="bbox 497 3850 2545 3965; baseline 0.003 -35"><span class='ocrx_word' id='word_1_274' title='bbox 497 3867 729 3960; x_wconf 84' lang='lat' dir='ltr'><strong>perior</strong></span> <span class='ocrx_word' id='word_1_275' title='bbox 748 3850 937 3932; x_wconf 56' lang='lat' dir='ltr'><strong>⁸esset:</strong></span> <span class='ocrx_word' id='word_1_276' title='bbox 987 3882 1050 3932; x_wconf 90' lang='lat' dir='ltr'><strong>et</strong></span> <span class='ocrx_word' id='word_1_277' title='bbox 1078 3862 1414 3960; x_wconf 84' lang='lat' dir='ltr'><strong>Philippus</strong></span> <span class='ocrx_word' id='word_1_278' title='bbox 1439 3860 1590 3960; x_wconf 66' lang='lat' dir='ltr'><strong>ipse,</strong></span> <span class='ocrx_word' id='word_1_279' title='bbox 1618 3869 1727 3934; x_wconf 87' lang='lat' dir='ltr'><strong>vix</strong></span> <span class='ocrx_word' id='word_1_280' title='bbox 1755 3857 1849 3934; x_wconf 89' lang='lat' dir='ltr'><strong>sui</strong></span> <span class='ocrx_word' id='word_1_281' title='bbox 1881 3864 2122 3935; x_wconf 85' lang='lat' dir='ltr'><strong>arbitrii</strong></span> <span class='ocrx_word' id='word_1_282' title='bbox 2151 3857 2325 3947; x_wconf 77' lang='lat' dir='ltr'><strong>fore,</strong></span> <span class='ocrx_word' id='word_1_283' title='bbox 2354 3891 2545 3965; x_wconf 83' lang='lat' dir='ltr'><strong>quem</strong></span> 
     </span>
     <span class='ocr_line' id='line_1_36' title="bbox 454 3953 2548 4072; baseline -0.001 -32"><span class='ocrx_word' id='word_1_284' title='bbox 454 3953 860 4072; x_wconf 69' lang='lat' dir='ltr'><strong>‘haeredem</strong></span> <span class='ocrx_word' id='word_1_285' title='bbox 891 3972 1078 4065; x_wconf 86' lang='lat' dir='ltr'><strong>regni</strong></span> <span class='ocrx_word' id='word_1_286' title='bbox 1103 3966 1519 4066; x_wconf 76' lang='lat' dir='ltr'><strong>relinqueret,</strong></span> <span class='ocrx_word' id='word_1_287' title='bbox 1591 3962 1894 4052; x_wconf 80' lang='lat' dir='ltr'><strong>credens,</strong></span> <span class='ocrx_word' id='word_1_288' title='bbox 1947 3963 2069 4037; x_wconf 85' lang='lat' dir='ltr'><strong>fibi</strong></span> <span class='ocrx_word' id='word_1_289' title='bbox 2111 3993 2378 4067; x_wconf 86' lang='lat' dir='ltr'><strong>quoque</strong></span> <span class='ocrx_word' id='word_1_290' title='bbox 2418 3994 2548 4065; x_wconf 80' lang='lat' dir='ltr'><strong>gra—</strong></span> 
     </span>
     <span class='ocr_line' id='line_1_37' title="bbox 2283 4094 2544 4143; baseline 0.004 -1"><span class='ocrx_word' id='word_1_291' title='bbox 2283 4094 2544 4143; x_wconf 69' lang='lat' dir='ltr'><strong>morem</strong></span> 
     </span>
    </p>
   </div>
   <div class='ocr_carea' id='block_1_3' title="bbox 568 4199 2354 4277">
    <p class='ocr_par' dir='ltr' id='par_1_3' title="bbox 568 4199 2354 4277">
     <span class='ocr_line' id='line_1_38' title="bbox 568 4199 2354 4277; baseline 0.002 -27"><span class='ocrx_word' id='word_1_292' title='bbox 568 4199 645 4266; x_wconf 75' lang='lat' dir='ltr'><strong>x)</strong></span> <span class='ocrx_word' id='word_1_293' title='bbox 676 4201 860 4277; x_wconf 61' lang='lat' dir='ltr'><strong>minore</strong></span> <span class='ocrx_word' id='word_1_294' title='bbox 887 4200 1051 4252; x_wconf 78' lang='lat' dir='ltr'><strong>Gron.</strong></span> <span class='ocrx_word' id='word_1_295' title='bbox 1502 4201 1577 4270; x_wconf 79' lang='grc' dir='ltr'><strong>γ)</strong></span> <span class='ocrx_word' id='word_1_296' title='bbox 1612 4201 1974 4269; x_wconf 58' lang='grc' dir='ltr'><strong>ηαηόωίὶἰας</strong></span> <span class='ocrx_word' id='word_1_297' title='bbox 2000 4205 2169 4257; x_wconf 84' lang='lat' dir='ltr'><strong>Gron.</strong></span> <span class='ocrx_word' id='word_1_298' title='bbox 2195 4205 2354 4255; x_wconf 66' lang='grc' dir='ltr'><strong>θην.</strong></span> 
     </span>
    </p>
   </div>
  </div>
 </body>
</html>
