2732 4671
530 243 692 317 794
1308 247 1823 295 ‘natvm

520 409 653 494 lm,
695 435 775 480 ex
805 408 986 482 Istria
1018 412 1353 483 revocatus
1362 462 1391 499 ,
1436 417 1719 483 exercitu
1769 406 2059 496 dimisso,
2104 416 2344 484 Romam
2374 438 2451 481 co-

525 516 876 585 mitiorum
906 510 1108 585 caussa
1139 509 1351 586 rediit.
1457 518 1718 586 Creavit
1746 512 2031 591 consules
2073 521 2181 587 Cn.
2217 517 2450 587 Baebium

522 618 966 715 Tamphilum
998 640 1060 689 et
1083 621 1150 689 L.
1183 610 1543 689 Aemilium
1574 618 1887 690 Paullum.
1928 646 2072 691 cum
2098 623 2186 690 M.
2227 620 2450 691 Aemilio

519 719 776 820 Lepido
803 726 914 794 hic
942 718 1168 793 aedilis
1203 720 1444 792 curulis
1470 717 1712 792 fuerat:
1750 750 1788 793 a
1818 748 1950 823 quo
1990 718 2226 794 consule
2262 728 2451 821 quintus

520 851 728 897 annus
757 844 921 907 erat,
967 852 1171 923 quum
1201 830 1252 896 is
1280 822 1418 924 ipse
1442 821 1721 922 Lepidus
1751 825 1896 925 post
1926 823 2071 898 duas
2095 821 2329 923 repulsas
2349 851 2455 897 con·

517 925 617 1001 sul
647 924 853 1001 fastus
882 923 1048 999 esset.
1150 934 1477 1001 Praetores
1507 924 1661 999 inde
1689 923 1840 1002 facti
1873 929 2219 1029 QFulvius
2244 930 2454 1011 Flaccus,

516 1034 620 1105 Μ.
649 1033 945 1105 Valerius
974 1036 1321 1116 Laevinus,
1364 1036 1432 1104 P.
1466 1032 1757 1105 Manlius
1785 1039 2055 1117 iterum,
2088 1038 2180 1106 M.
2205 1033 2454 1133 Ogulnius

519 1135 779 1219 Gallm,
820 1141 890 1208 L.
934 1134 1255 1207 Caecilius
1298 1139 1580 1221 Denter,
1623 1140 1699 1209 C.
1736 1140 2085 1211 Terentius
2124 1135 2267 1208 lstra.
2346 1139 2456 1233 Sup⁴

513 1240 784 1340 plicatio
830 1257 1126 1310 extremo
1168 1266 1349 1313 anno
1401 1232 1536 1312 fuit'
1574 1237 2032 1340 prodigiorum
2083 1235 2288 1325 cauffi3
2327 1233 2456 1339 quod

512 1340 669 1441 sang
722 1351 733 1362 '
786 1368 820 1412 e
847 1368 967 1440 per
990 1339 1528 1442 biduum'pluilse
1564 1350 1636 1414 in
1666 1371 1806 1416 area
1825 1343 2218 1418 Concordiae
2243 1340 2354 1415 satis
2367 1367 2453 1413 cre-

512 1370 784 1533 debam
840 1454 1349 1547 nunciatumque
1406 1466 1570 1532 erat,
1632 1444 1810 1519 haud
1853 1449 2082 1548 procul
2120 1447 2306 1521 Sicilia
2339 1440 2452 1516 insu·

509 1550 687 1633 lam,
741 1576 902 1649 quae
942 1574 1083 1623 non
1126 1572 1271 1623 ante
1312 1546 1555 1633 fuerat,
1593 1576 1841 1623 novam
1886 1550 2173 1625 editame
2196 1557 2331 1625 mari
2352 1543 2446 1620 effe

510 1652 962 1726 Hannibalem
998 1659 1131 1727 hoc
1174 1680 1352 1727 anno
1396 1661 1617 1727 Antias
1642 1654 1939 1728 Valerius
1982 1653 2266 1728 deceffiffe
2290 1654 2446 1725 aucffor

508 1756 637 1839 est,
691 1758 912 1855 legatis
950 1755 1033 1829 ad
1078 1785 1226 1833 eam
1263 1786 1411 1830 rem
1453 1755 1532 1830 ad
1573 1755 1863 1831 Prufiam
1893 1758 2121 1844 mistis,
2158 1778 2358 1858 praeter
2386 1756 2443 1825 T.

511 1864 903 1955 Qintstium
935 1863 1425 1945 Flamininum,
1468 1863 1683 1953 (cujus
1713 1868 1786 1961 in
1820 1891 1898 1935 ea
1931 1891 2002 1937 re
2032 1865 2254 1938 celebre
2280 1858 2348 1934 est
2367 1881 2444 1933 no·

508 1974 707 2060 men)
755 1970 824 2038 L.
857 1966 1167 2065 Scipione
1194 1961 1480 2037 A'fiatico
1509 1983 1571 2035 et
1600 1968 1665 2036 P.
1693 1966 2018 2066 Scipione
2043 1966 2257 2042 Nafica.

1170 2621 1875 2771 ..τεῶ-ἣ
