2732 4671
740 277 927 386 rin.
974 303 1272 380 xxxv=
1326 302 1544 378 car.
1607 273 1835 357 xxix
1976 353 1979 358 .
2152 306 2279 376 533

213 474 327 545 Eo
352 464 817 567 'inpedimenta
862 475 1092 558 omnia
1121 469 1198 541 ’et
1239 468 1554 542 calonum
1594 471 1887 570 turbam⁶
1905 469 2279 566 conjedlam

215 581 484 646 armatis
531 568 1014 656 circumdedit,
1044 591 1107 643 et
1148 598 1273 670 pro
1319 592 1540 646 natura
1572 572 1711 646 loci
1745 573 1942 647 castra
1971 600 2274 646 commu-

217 684 412 749 nivit.
471 674 878 754 tabernacula
920 675 1190 748 statuere
1217 682 1292 749 in
1328 673 1588 775 aspretis
1618 675 2096 778 et‘inaequabili
2125 672 2287 750 solo

213 777 495 854 difficile
521 799 674 876 grat.
777 777 1018 851 Hostes
1048 785 1438 880 quingentos
1462 775 1669 881 passus
1713 783 1987 855 aberant.
2049 807 2131 853 ex
2165 805 2276 853 eo-

149 872 174 888 ’
218 883 382 956 dem
417 889 560 954 rivo
587 889 915 982 utrimque
945 910 1097 956 cum
1125 881 1449 982 praefidio
1472 884 1632 956 levis
1658 881 2015 958 armaturae
2056 888 2274 984 aquati

217 984 403 1062 sunt:
454 1006 536 1069 et,
577 982 954 1086 priusquam
987 987 1239 1088 (qualia
1267 995 1342 1060 in
1369 995 1756 1090 propinquis
1785 987 2000 1062 castris
2030 984 2270 1084 solent)

219 1094 715 1163 contraheretur
754 1109 1117 1176 certamen,
1157 1117 1294 1164 nox
1338 1098 1704 1165 intervenit.
1848 1090 2114 1166 Postero
2157 1088 2270 1166 die

216 1192 571 1293 adparebat
595 1187 1028 1293 pugnandum
1055 1221 1179 1293 pro
1207 1198 1616 1296 aquatoribus
1659 1202 1825 1269 circa
1865 1203 2080 1268 rivum
2125 1190 2271 1267 effe.

216 1298 428 1371 node
453 1302 526 1367 in
548 1294 716 1369 valle
741 1326 777 1368 a
803 1294 1149 1395 conspectu
1176 1298 1469 1371 hostium
1498 1294 1736 1383 aversa,
1774 1318 2081 1400 quantam
2099 1297 2269 1371 mul-

212 1397 570 1474 titudinem
598 1401 784 1473 locus
812 1401 1108 1474 occulere
1133 1420 1416 1501 poterat,
1454 1399 1783 1488 condidit,
1824 1421 2287 1476 caetratorum-
2349 1425 2365 1450 t

368 1506 594 1577 XXIX.
632 1509 806 1577 Luce
839 1525 1014 1588 orta,
1059 1505 1470 1579 Cretensium
1501 1506 1666 1579 levis
1690 1524 2012 1580 armatura
2036 1526 2098 1578 et
2125 1510 2262 1578 Ta·-

216 1613 464 1705 rentini
505 1614 746 1706 equites
791 1604 980 1707 super
1007 1627 1360 1682 torrentem
1400 1610 1725 1710 proelium
1773 1606 2266 1685 commiserunt.

218 1710 684 1784 Telemnastus
736 1720 811 1808 Χ)
873 1710 1193 1785 Cretensis
1235 1714 1661 1814 popularibus
1718 1709 1883 1798 suis,
1945 1713 2269 1814 equitibus

212 1817 536 1910 Lycortas
577 1814 1180 1918 Megalopolitanus
1216 1817 1521 1917 praeerat.
1673 1813 2007 1890 Cretenses
2049 1835 2111 1885 et
2148 1820 2270 1887 ho-
2334 1811 2337 1814 Α

215 1918 428 1990 flium*
471 1918 845 2004 auxiliares,
913 1927 1337 2023 equitumque
1397 1919 1582 1995 idern
1636 1947 1837 2021 genus
1889 1924 2267 2005 Tarentini,

213 2016 547 2121 praefidio
570 2024 976 2124 aquatoribus
1003 2043 1198 2096 erant.
1308 2022 1734 2126 Aliquamdiu
1767 2021 2041 2114 dubium
2070 2049 2263 2123 proe-

214 2125 395 2201 lium
425 2120 580 2209 fuit,
626 2145 695 2198 ut
728 2122 969 2200 eodem
995 2153 1075 2198 ex
1101 2147 1279 2227 parte
1307 2149 1571 2228 utraque
1598 2134 1956 2201 hominurn
1997 2153 2262 2226 genere,

216 2249 290 2301 et
314 2231 834 2328 ›armisparibus
987 2227 1385 2302 Procedente
1425 2239 1815 2316 certamine,
1864 2251 1927 2303 et
1978 2253 2261 2314 numero

217 2340 444 2407 vicere
479 2341 748 2427 tyranni
791 2331 1164 2421 auxiliares,
1213 2355 1277 2406 et
1311 2341 1464 2437 quia
1508 2339 1595 2405 ita
1623 2354 2031 2433 praeceptum
2056 2362 2091 2405 a
2116 2337 2266 2406 Phi-

209 2435 619 2537 lopoemene
642 2432 991 2537 praefectis
1005 2458 1167 2521 erat,
1204 2457 1308 2522 ut,
1350 2434 1623 2509 modico
1656 2435 1834 2509 edito
1861 2436 2153 2537 proeli0,
2194 2441 2266 2506 in
2298 2438 2301 2441 ’

212 2536 452 2641 fugam
476 2541 905 2625 inclinarent,
943 2541 1329 2642 hostemque
1353 2539 1434 2613 ad
1463 2538 1845 2613 infidiarum
1882 2540 2108 2612 locum
2126 2565 2264 2639 per-

214 2650 567 2718 traherent.
668 2640 891 2718 Effuse
931 2641 1129 2718 secuti
1168 2640 1487 2744 fugientes
1526 2673 1646 2744 per
1674 2637 2084 2728 convallem,
2128 2642 2261 2740 ple-

213 2755 417 2851 rique
458 2769 521 2821 et
544 2749 895 2833 vulnerati,
933 2769 997 2821 et
1023 2745 1348 2822 interfecti
1394 2744 1573 2833 sunt,
1624 2742 2262 2922 priusquanmul·

214 2871 368 2925 tum
412 2852 673 2925 hostem
714 2850 1025 2925 viderent.
1180 2856 1459 2925 Caetrati
1488 2859 1610 2937 ita,
1634 2874 1958 2954 ‘quantum
2128 2845 2261 2925 udo

213 2956 411 3028 vallis
456 2957 848 3056 patiebatur,
907 2956 1199 3029 instructi
1238 2953 1580 3041 sederant,
1604 2976 1687 3029 ut·
1712 2952 1906 3030 facile
1933 2980 2049 3054 per
2074 2960 2264 3037 inter-

215 3059 394 3133 valla
428 3057 741 3131 ordinum
771 3055 1094 3161 fugientes
1122 3058 1270 3133 suos
1310 3068 1690 3161 acciperent.
1842 3054 2263 3158 Consurgunt

209 3160 609 3263 deindeipfi
641 3171 913 3261 integri,
963 3185 1282 3249 recentes,
1325 3165 1648 3238 instructi:
1695 3182 1763 3236 et
1800 3170 1870 3235 in
1912 3161 2127 3236 hostes
2166 3167 2261 3233 in·

211 3265 601 3351 ordinatos,
638 3263 908 3353 effusOS,
956 3268 1183 3341 labore
1208 3275 1401 3341 etiam
1433 3290 1498 3341 et
1522 3269 1891 3341 vulneribus
1916 3262 2129 3348 fessos,
2173 3269 2268 3337 in·

211 3390 449 3472 petum
477 3368 743 3444 faciunt.
843 3375 987 3445 Nec
1017 3370 1206 3471 dubia
1235 3375 1511 3445 victoria
1536 3368 1679 3442 fuit.
1719 3369 2051 3467 extemplo
2090 3388 2263 3464 terga

214 3471 406 3548 dedit
440 3482 705 3569 tyranni
743 3475 969 3549 miles:
1011 3462 1102 3548 *t
1143 3472 1318 3548 haud
1343 3472 1571 3574 paullo
1610 3479 2031 3546 concitatiore
2061 3466 2267 3555 cursu,

214 3604 424 3679 quam
466 3575 708 3651 secutus
744 3599 906 3665 erat,
975 3576 1270 3679 fugiens,
1339 3577 1420 3650 ad
1468 3576 1665 3650 mssra
1723 3574 1814 3647 est
1870 3569 2263 3674 compulsus·

212 3684 416 3755 multi
447 3681 606 3756 oeefi
650 3688 948 3784 captique
977 3690 1046 3755 in
1073 3710 1145 3755 ea
1169 3678 1324 3781 fuga
1352 3676 1511 3754 sunt.
1580 3674 1697 3754 'Et
1724 3687 1796 3754 in
1845 3678 2064 3751 castris
2101 3701 2263 3777 quo·

269 3814 356 3857 ue
379 3782 551 3859 foret
576 3783 1003 3885 trepidatum,
1039 3794 1108 3859 ni
1144 3786 1629 3885 Philopoemen
1658 3790 1943 3883 receptui
1976 3787 2118 3855 cani
2149 3775 2265 3873 jus-

207 3814 421 3976 Ptffeu
447 3942 452 3947 -
480 3890 630 3963 loca
672 3899 881 3990 magis
922 3886 1345 3992 confragosa,
1408 3909 1506 3976 et,
1558 3905 2267 3989 quacumqueftemere

203 3990 629 4098 pmceffiffet,
676 4001 928 4096 iniqua,
968 4021 1164 4097 quam
1195 3994 1479 4079 hostem,
1515 4013 1828 4071 metucns.
1924 3986 2087 4064 Inde
2108 4009 2266 4060 etex

312 4130 316 4139 ·
423 4141 438 4155 .
1202 4164 1211 4170 ,
1254 4097 1352 4173 Ll
1392 4124 1437 4188 3
1912 4136 1917 4139 ·
2062 4086 2268 4165 furtu*

219 4226 240 4249 ”
283 4230 366 4302 κ)
403 4230 736 4299 anmstns
771 4234 938 4287 Gron.
965 4234 1121 4305 Crcv.
1611 4218 1617 4223 ⁵
