2732 4671
368 221 536 312 664
685 254 694 263 ·
871 242 876 251 ’
1177 242 1253 293 τ.
1335 220 1683 335 ‘trust
1786 238 1791 241 ⁴

377 431 522 483 tum
553 407 903 508 literaeque
931 434 970 481 a
995 411 1103 507 Sp.
1130 404 1474 480 Postumio
1502 428 1803 506 praetore
1838 413 1907 479 in
1932 410 2254 478 Etruriam
2281 397 2425 475 mis·

378 510 488 587 sae·
526 508 705 583 sunt:
757 507 1216 611 profedtusque
1260 515 1336 582 in
1381 509 1778 609 Hispaniam
1801 510 1914 583 ‘est
1943 515 2008 582 P.
2034 515 2256 598 junius
2282 533 2429 605 pro·

380 635 661 718 praetor.
806 621 887 688 In
923 643 1048 716 qua
1091 608 1437 714 provincia
1461 623 1635 715 prius
1665 615 2030 716 aliquante,
2075 640 2269 713 quam
2298 608 2433 682 suc·

389 716 598 793 'ceffor
638 724 918 805 veniret,
968 726 1037 792 L.
1081 719 1406 803 Aemilius
1455 719 1743 797 Paullus.
1802 725 1913 819 qui
1951 715 2174 816 postea
2211 741 2439 814 regem

325 858 334 865 *
387 819 614 898 Persea
643 850 879 921 magna
911 821 1122 922 gloria
1154 828 1346 907 vicit,
1394 850 1597 923 quum
1620 830 1845 923 priore
1873 847 2053 894 anno
2085 817 2259 892 haud
2300 844 2445 920 pro·

389 924 576 1027 spere
600 921 1060 1025 rem'geffilset‚
1102 928 1529 1001 tumultuario
1561 933 1847 1001 exercitu
1874 925 2206 1002 conlecto,
2240 921 2439 1021 fignis

387 1031 671 1104 'conlatis
717 1059 874 1102 cum
917 1028 1230 1108 Lusitanis
1271 1037 1602 1130 pugnavit.
1720 1028 1894 1102 ·Fus1
1931 1025 2269 1128 fugatique
2300 1026 2442 1097 sunt

391 1134 632 1211 hostes.
680 1131 854 1204 caesa
883 1131 1115 1206 decem
1143 1155 1207 1207 et
1233 1136 1393 1206 oc‘lo
1425 1134 1638 1207 millia
1669 1155 2110 1233 armatorum3
2165 1137 2287 1201 tria
2304 1129 2450 1202 mil·

395 1239 489 1313 lia
516 1243 786 1309 trecenti
818 1244 1024 1335 capti,
1073 1258 1137 1310 et
1166 1236 1364 1310 castra
1397 1256 1779 1338 expugnata.
1878 1241 2090 1329 Hujus
2133 1235 2452 1306 vicloriae

391 1337 578 1416 sama
605 1342 1090 1441 tranquilliores
1120 1350 1189 1413 in
1222 1338 1539 1442 Hispania
1569 1369 1665 1414 res
1692 1337 1866 1413 fecit.
1964 1336 2236 1412 Eodem
2271 1363 2465 1410 anno

398 1466 546 1517 ante
591 1442 767 1515 diem
808 1451 1071 1517 tertium
1112 1444 1432 1518 Kalendas
1476 1451 1800 1534 januarias
1849 1447 2227 1529 Bononiam
2287 1446 2451 1513 Lati·

353 1639 364 1642 ⁴
400 1575 560 1621 nam
606 1548 944 1643 coloniam
990 1548 1070 1620 ek
1114 1544 1665 1633 senatusconsulto
1709 1549 1780 1619 L.
1814 1547 2115 1619 Valerius
2167 1546 2454 1628 Flaccus,

400 1656 508 1729 M.
550 1652 788 1724 Atilius
830 1656 1172 1739 Serranus,
1225 1659 1294 1727 L.
1333 1655 1631 1726 Valerius
1672 1656 1951 1751 Tappus
1989 1655 2319 1723 triumviri
2347 1646 2453 1720 de·

285 1776 302 1795 f
403 1755 745 1829 duxerunt.
791 1764 912 1828 tria
939 1758 1164 1851 millia
1182 1763 1547 1829 hominum
1575 1754 1720 1829 sunt
1761 1752 2075 1828 dedudla:
2128 1780 2165 1824 c
2216 1756 2451 1825 uitibus

403 1856 787 1958 septuagena
813 1868 1064 1957 jugera,
1108 1868 1332 1931 ceteris
1362 1860 1622 1932 colonis
1664 1867 2122 1962 quinquagena
2162 1781 2308 1929 sunt
2356 1855 2454 1927 da·

401 1982 482 2034 ta.
623 1969 803 2059 Ager
844 1985 1059 2061 captus
1101 1959 1183 2033 de
1222 1963 1431 2035 Gallis
1474 1968 1650 2057 BoJis
1692 1958 1936 2035 fuerat:
1976 1961 2164 2035 'Galli
2190 1956 2444 2057 Tuscos

401 2063 803 2161 expulerant.
942 2060 1206 2148 Eodem
1246 2092 1426 2171 anno
1471 2062 1807 2139 censuram
1835 2066 2027 2161 multi
2056 2087 2121 2137 et
2146 2066 2303 2137 clari
2333 2070 2452 2136 viri

399 2173 744 2270 petierunt.
816 2195 978 2267 quae
1019 2196 1162 2254 reS‚
1212 2190 1553 2271 tamquam
1597 2177 1670 2243 in
1702 2167 1768 2244 se
1809 2198 2044 2271 parum
2066 2177 2297 2267 magni
2328 2195 2451 2239 cer-

402 2276 674 2345 taminis
705 2267 984 2346 caussam
1013 2275 1298 2359 haberet,
1340 2274 1539 2350 aliam
1570 2282 2067 2349 contentionem
2094 2272 2311 2346 multo
2329 2300 2453 2344 ma·

400 2383 621 2473 iorem
648 2384 969 2466 excitavit.
1120 2381 1422 2452 Petebant
1445 2384 1538 2452 T.
1564 2383 1909 2477 Qinstius
1924 2378 2353 2461 Flamininus,
2391 2382 2450 2448 Ρ.

407 2481 764 2554 Cornelius
797 2487 921 2553 Cn.
963 2486 1030 2554 F.
1060 2485 1321 2580 Scipio,
1369 2488 1438 2555 L.
1468 2484 1768 2557 Valerius
1799 2484 2108 2568 Flaccu8‚
2160 2487 2266 2555 M.
2308 2487 2451 2555 Por·

358 2585 361 2589 “
406 2591 547 2657 cius
575 2590 742 2657 Cato
758 2611 783 2669 ‚·
820 2590 932 2658 M.·
953 2583 1278 2660 Claudius
1294 2588 1688 2672 Marcellus,
1733 2592 1851 2660 Μ’.
1882 2588 2136 2660 Acilius
2165 2586 2452 2668 Glabri0,

407 2691 524 2788 qui
574 2683 989 2761 Antiochum
1031 2688 1110 2763 ad
1153 2690 1659 2791 Thermopylas
1691 2688 2092 2790 Aetolosque
2117 2689 2452 2763 devicerat.

406 2797 487 2864 in
517 2800 696 2864 hunc
741 2799 1069 2878 maxime,
1108 2792 1289 2895 quod
1315 2795 1521 2868 multa
1564 2801 1897 2895 congiaria
1944 2795 2288 2878 habuerat,
2324 2798 2453 2893 qui·

403 2893 524 2966 'bus
553 2922 860 2992 magnam
890 2915 1138 2995 partem
1165 2903 1527 2971 hominum
1557 2901 1955 3000 obligaverat
1982 2906 2087 2993 ε),
2130 2892 2323 2974 favor
2348 2922 2457 2996 po-

406 2997 549 3096 puli
581 2994 645 3070 se
677 2998 1047 3072 inclinabat.
1148 2997 1226 3073 ld
1254 3028 1479 3101 quum⁸
1499 3029 1689 3102 aegre
1727 3021 2097 3102 paterentur
2135 3021 2235 3074 tot
2272 3001 2449 3073 nobi-

401 3100 523 3184 leS,
564 3123 818 3172 novum
851 3098 967 3173 fibi
1000 3108 1354 3175 hominem
1386 3126 1635 3179 tantum
1662 3103 2007 3206 praeferri3
2053 3110 2121 3178 P.
2153 3110 2455 3205 Sempro·

408 3208 558 3277 nius
587 3208 917 3278 Gracchus
946 3224 1009 3277 et
1038 3205 1114 3279 C.
1143 3211 1575 3309 Sempronius
1601 3212 1887 3295 Rutilus,
1941 3210 2188 3282 tribuni
2230 3211 2455 3309 plebis,

411 3313 477 3379 ei
506 3306 685 3382 diem
712 3306 1052 3396 dixerunt,
1110 3309 1288 3412 quod
1331 3321 1647 3412 pecuniae
1674 3323 1887 3415 regiae
1910 3311 2315 3415 praedaeque
2354 3313 2455 3386 ali·

393 3432 765 3513 quantum,
804 3434 1025 3514 captae
1058 3421 1132 3489 in
1158 3422 1473 3494 Antiochi
1503 3418 1735 3506 castris,
1781 3445 1992 3522 neque
2020 3425 2096 3490 in
2125 3422 2457 3518 triumpho

412 3512 688 3599 tulisset,
725 3545 938 3619 neque
965 3527 1037 3592 in
1072 3530 1390 3595 aerarium
1433 3519 1735 3616 retulisset
1774 3520 1852 3620 ¹).
1954 3529 2153 3599 Varia
2174 3522 2454 3595 testimo·

399 3626 522 3695 ¹nia
550 3620 919 3720 legatorum
955 3617 1498 3729 tribunorumque
1530 3628 1823 3701 militum
1855 3652 2054 3699 erant.
2157 3630 2266 3701 M.
2297 3633 2455 3699 Cato

410 3726 754 3800 antealios
780 3723 962 3798 testes
990 3725 1537 3827 conspiciebatur:
1583 3739 1760 3826 cujtis
1785 3732 2239 3830 auctoritatem
2258 3785 2280 3815 ‚
2324 3754 2456 3830 per-

412 3848 611 3925 petuo
640 3850 868 3902 tenore
900 3836 1067 3905 vitae
1091 3853 1365 3932 partam,
1408 3859 1559 3935 toga
1587 3831 1861 3908 candida
1888 3834 2188 3908 elevabat.
2234 3901 2239 3905 .
2291 3841 2351 3908 Is
2378 3856 2457 3905 te·

409 3928 558 4016 stis,
605 3945 770 4040 quae
798 3929 942 4006 vasa
969 3962 1161 4009 aurea
1204 3958 1394 4041 atque
1430 3958 1768 4044 argentea.
1814 3946 2012 4037 captis
2038 4009 2041 4010 γ
2068 3931 2321 4021 castris,
2368 3944 2457 4009 in·

1103 4113 1107 4117 .
2362 4061 2457 4111 {01¹

478 4159 548 4228 e)
581 4164 825 4233 obligarat
853 4172 1019 4225 Gron.
1047 4177 1199 4228 (lt-ev.
1519 4171 1578 4245 f)
1596 4171 1853 4241 *dentifer
1878 4176 2043 4230 Gron-
