2732 4671
424 204 587 298 386
999 203 1254 274 ’“r-
1383 227 1748 275 ιινιι

433 398 705 468 rationis
747 387 1279 490 comprehensis,
1331 386 1491 491 fuga
1529 381 1872 466 servorum
1910 418 1991 465 ex
2032 389 2282 494 oppido
2327 388 2510 468 facta

439 497 549 571 est.
592 493 836 569 dimiffi
863 492 1103 568 deinde
1130 520 1246 594 per
1288 521 1516 595 agros,
1558 503 1672 598 qui
1714 497 2116 597 vestigarent.
2214 502 2507 598 Egregia

370 675 373 682 ,
440 600 730 676 duorum
785 626 984 700 opera
1031 596 1369 694 servorum
1421 599 1724 673 indicum
1768 619 1831 673 et
1887 609 2073 674 unius
2118 599 2310 672 liberi
2351 597 2509 673 fuit.

436 712 525 784 Ei
558 703 1077 782 centummillia
1115 710 1325 803 gravis
1368 710 1529 777 aeris
1569 702 1709 777 dari
1752 710 1964 777 Patres
2002 701 2336 801 jusserunt:
2379 701 2565 777 ser-

440 817 541 884 vis
574 815 804 881 vicena
850 814 1045 909 quina
1087 809 1301 880 millia
1328 814 1523 893 aeriS,
1560 829 1622 881 et
1646 809 2034 882 libertatem.
2129 815 2372 909 retium
2399 835 2511 880 eo-

442 939 599 988 rum
626 939 707 985 ex
736 919 982 985 aerario
1032 907 1317 984 solutum
1364 910 1458 984 est
1498 907 1808 986 dominis.
1910 918 2066 986 Hau
2154 909 2509 986 ita'multo

419 1025 429 1050 ⁸
442 1017 630 1119 post,
675 1044 755 1089 ex
787 1013 1074 1111 ejusdem
1102 1023 1571 1112 conjurationis
1597 1018 1920 1119 reliquiis,
1959 1023 2349 1090 nunciatum
2393 1015 2511 1102 est,

440 1120 695 1196 servitia
724 1119 1059 1193 Praeneste
1108 1140 1518 1219 occupatura.
1618 1128 1722 1194 Eo
1757 1127 1825 1194 L.
1852 1121 2207 1193 Cornelius
2247 1141 2513 1219 praetor

448 1221 827 1325 profectuS,
868 1221 952 1296 de
986 1229 1359 1324 quingentis
1385 1221 1526 1297 fere
1549 1228 1982 1310 hominibus,
2018 1231 2128 1325 qui
2165 1230 2237 1296 in
2275 1251 2349 1295 ea
2393 1251 2512 1296 no·

445 1358 527 1403 xa
556 1349 772 1413 erant,
816 1325 932 1427 sup
982 1327 1211 1400 licium
1242 1323 1484 1401 sumsit.
1533 1336 1604 1401 in
1642 1337 1884 1402 timore
1929 1337 2152 1403 civitas
2193 1323 2355 1408 fuit.
2402 1330 2516 1400 ob·

446 1431 614 1505 fides
663 1355 1078 1532 captivolglue
1122 1438 1500 1505 Poenorum
1542 1461 1617 1506 ea
1659 1435 1907 1507 moliri.
2005 1439 2228 1533 Itaque
2273 1451 2338 1504 et
2378 1436 2512 1505 Ro-

446 1563 603 1635 mae
651 1536 919 1635 vigiliae
958 1561 1077 1634 per
1117 1542 1297 1608 vicos
1338 1533 1639 1624 servatae3
1704 1535 1973 1637 juffique
2016 1542 2372 1610 circumire
2413 1561 2516 1609 eas

448 1644 743 1712 minores
774 1638 1209 1739 magistratus:
1251 1658 1313 1710 et
1351 1646 1685 1736 triumviri
1729 1644 2002 1714 carceris
2044 1640 2513 1713 lautumiarum

272 1806 278 1814 .
388 1756 404 1823 ᾗ
448 1749 881 1818 intentiorem
910 1741 1271 1816 custodiam
1297 1745 1533 1815 habere
1570 1742 1744 1838 juffi:
1794 1764 1859 1817 et
1904 1750 2076 1817 circa
2117 1769 2379 1817 nomen
2403 1748 2515 1817 La·

448 1854 664 1920 tinum
693 1876 729 1918 a
753 1866 1049 1945 praetore
1082 1846 1306 1940 literae
1335 1842 1589 1933 mistae,
1636 1868 1707 1920 ut
1744 1867 1808 1919 et
1845 1845 2097 1920 obfides
2141 1855 2216 1920 in
2304 1855 2512 1920 rivato

442 1947 884 2034 servarentur,
933 1976 1145 2050 neque
1193 1957 1264 2021 in
1307 1950 1654 2049 publicum
1696 1948 2071 2051 prodeundi
2102 1946 2207 2024 fac
2280 1971 2370 2024 tas
2409 1947 2516 2023 da·

443 2074 657 2138 retur3
734 2073 798 2126 et
837 2060 1076 2151 captivi
1124 2080 1209 2125 ne
1252 2061 1478 2126 minus
1526 2053 1761 2134 decem
1803 2052 2037 2155 pondo
2083 2053 2514 2155 compedibus

443 2158 653 2229 vimsti
685 2163 756 2229 in
798 2157 981 2230 nulla
1021 2156 1182 2244 alia,
1222 2184 1422 2260 quam
1463 2165 1538 2231 in
1581 2168 1852 2233 carceris
1889 2159 2181 2259 publici,
2218 2157 2513 2233 custodia

446 2257 659 2334 esseut.
1188 2251 1196 2268 ⁸

591 2369 858 2439 XXVII.
902 2360 1166 2437 Eodem
1196 2392 1376 2439 anno
1415 2367 1609 2468 legati
1646 2368 1734 2440 ab
1754 2392 1908 2468 rege
1938 2362 2158 2441 Attalo
2190 2392 2514 2447 coronam

406 2530 409 2531 γ
446 2496 714 2547 auream
757 2465 1117 2542 ducentum
1154 2468 1583 2571 ¹quadraginta
1621 2467 1731 2543 sex
1777 2469 2008 2572 pondo
2052 2478 2125 2543 in
2172 2473 2513 2571 Capitolio

443 2570 838 2673 posuerunt,
876 2569 1236 2673 gratiasque
1279 2570 1520 2648 senatui
1561 2595 1869 2673 egerunt,
1904 2571 2082 2676 quod
2127 2580 2514 2663 Antiochus.

444 2675 821 2775 legatorum
871 2680 1332 2772 Romanorum
1385 2682 1760 2752 auctoritate
1802 2700 2057 2764 motus,
2114 2678 2367 2751 finibus
2409 2685 2516 2753 At-

446 2781 565 2851 tali
608 2785 968 2851 exercitum
1010 2776 1384 2861 deduxisset.
1525 2779 1776 2855 Eadem
1822 2780 2049 2855 aestate
2102 2788 2353 2884 equites
2407 2781 2514 2855 du-

450 2890 661 2967 centi,
725 2902 789 2954 et
823 2882 1157 2981 elephanti
1204 2880 1472 2968 decem,
1549 2905 1614 2957 et
1651 2893 1846 2958 tritici
1888 2885 2197 2960 modium
2241 2885 2516 2961 ducenta

448 2984 697 3068 millia,
747 2985 825 3054 ab
855 3011 1008 3083 rege
1036 2982 1369 3058 Mafiniss‘a
1411 2983 1492 3059 ad
1536 2995 1936 3076 exercitum,
1987 2997 2100 3092 qui
2139 2997 2215 3064 in
2245 2996 2520 3065 Graecia

450 3109 619 3172 erat,
660 3107 1117 3186 pervenerunt.
1186 3095 1388 3163 ‘Item
1434 3118 1513 3164 ex
1553 3093 1776 3191 Sicilia
1824 3091 2250 3195 Sardiniaque
2290 3101 2515 3196 magui

448 3213 860 3263 commeatus
904 3212 968 3264 et
1012 3192 1397 3268 vestimenta
1440 3204 1744 3270 exercitui
1782 3195 1992 3270 ‘missa
2094 3199 2390 3272 Siciliam
2415 3200 2518 3277 M.

451 3294 846 3378 Marcellus,
901 3294 1273 3371 Sardiniam
1314 3305 1418 3373 M.
1447 3305 1715 3375 Porcius
1760 3307 1928 3377 Cato
1972 3303 2345 3392 obtinebat3
2386 3300 2520 3376 san-

453 3401 684 3471 &us‘et
714 3405 1065 3485 innocens,
1106 3399 1393 3502 asperior
1439 3422 1661 3478 tamen
1704 3413 1778 3479 in
1817 3402 2097 3481 foenore
2140 3405 2517 3481 coercendo

452 3507 730 3577 habitus.
851 3502 1209 3608 Fugatique
1251 3535 1333 3580 ex
1373 3506 1581 3582 insula
1622 3506 2107 3596 foeneratoreS,
2151 3530 2216 3584 et
2250 3509 2526 3597 sumtum

448 3633 616 3707 quos
648 3614 719 3679 in
751 3608 999 3681 cultum
1046 3632 1425 3708 praetorum
1466 3610 1627 3686 socii
1671 3610 1887 3687 facere
1932 3612 2105 3687 soliti
2149 3636 2365 3701 erant,
2401 3620 2524 3689 cir-

452 3709 758 3795 eumcifi,
798 3716 906 3784 aut
941 3709 1189 3787 sublati.
1294 3722 1440 3790 Sex.
1484 3719 1707 3791 Aelius
1752 3715 1983 3792 consul
2025 3746 2106 3792 ex
2156 3720 2372 3793 Gallia
2414 3746 2522 3793 co·

447 3820 794 3888 mitiorum
825 3812 1028 3888 causs'a
1057 3821 1349 3893 Romam
1383 3850 1588 3922 quum
1619 3819 1907 3908 rediffet,
1948 3830 2191 3896 creavit
2219 3818 2522 3897 consules

447 3922 526 3989 C.
562 3919 958 3992 Cornelium
984 3926 1359 4022 Cethegum
1402 3945 1465 3998 et
1496 3930 1998 4022 QMinucium
2037 3922 2335 4025 Rufum.'
2418 3933 2520 4000 Bi-

442 4018 580 4147 duo
607 4021 757 4124 post
782 4045 1166 4132 praetorum
1195 4035 1465 4105 comitia
1508 4034 1742 4114 habita.
1845 4036 1973 4107 Sex
2010 4054 2344 4134 praetores
2389 4030 2517 4104 illo

1078 4164 1083 4173 ·
2331 4162 2510 4213 auno

2395 4432 2428 4469 χ
