<?xml version="1.0" encoding="UTF-8"?>
<!DOCTYPE html PUBLIC "-//W3C//DTD XHTML 1.0 Transitional//EN"
    "http://www.w3.org/TR/xhtml1/DTD/xhtml1-transitional.dtd">
<html xmlns="http://www.w3.org/1999/xhtml" xml:lang="en" lang="en">
 <head>
  <title>
</title>
<meta http-equiv="Content-Type" content="text/html;charset=utf-8" />
  <meta name='ocr-system' content='tesseract 3.04.00' />
  <meta name='ocr-capabilities' content='ocr_page ocr_carea ocr_par ocr_line ocrx_word'/>
</head>
<body>
  <div class='ocr_page' id='page_1' title='image "./historiorarumli00grongoog_0395.png"; bbox 0 0 2732 4671; ppageno 0'>
   <div class='ocr_carea' id='block_1_1' title="bbox 437 187 1847 292">
    <p class='ocr_par' dir='ltr' id='par_1_1' title="bbox 437 187 1847 292">
     <span class='ocr_line' id='line_1_1' title="bbox 437 187 1847 292; baseline -0.005 -21"><span class='ocrx_word' id='word_1_1' title='bbox 437 218 600 292; x_wconf 76' lang='lat'>370</span> <span class='ocrx_word' id='word_1_2' title='bbox 1217 217 1292 269; x_wconf 67' lang='lat' dir='ltr'>er.</span> <span class='ocrx_word' id='word_1_3' title='bbox 1387 187 1847 287; x_wconf 56' lang='lat' dir='ltr'>nvn,</span> 
     </span>
    </p>
   </div>
   <div class='ocr_carea' id='block_1_2' title="bbox 374 367 2546 4228">
    <p class='ocr_par' dir='ltr' id='par_1_2' title="bbox 433 367 2507 1427">
     <span class='ocr_line' id='line_1_2' title="bbox 494 367 2501 486; baseline 0 -26"><span class='ocrx_word' id='word_1_4' title='bbox 494 412 595 460; x_wconf 90' lang='lat' dir='ltr'>ue.</span> <span class='ocrx_word' id='word_1_5' title='bbox 621 405 629 412; x_wconf 82' lang='grc'><em>·</em></span> <span class='ocrx_word' id='word_1_6' title='bbox 660 367 976 461; x_wconf 72' lang='lat' dir='ltr'>A‘clmrras</span> <span class='ocrx_word' id='word_1_7' title='bbox 1026 392 1096 483; x_wconf 85' lang='lat'>²)</span> <span class='ocrx_word' id='word_1_8' title='bbox 1142 410 1261 486; x_wconf 83' lang='lat' dir='ltr'>per</span> <span class='ocrx_word' id='word_1_9' title='bbox 1289 379 1702 458; x_wconf 84' lang='lat' dir='ltr'>deditionem</span> <span class='ocrx_word' id='word_1_10' title='bbox 1730 406 2134 485; x_wconf 87' lang='lat' dir='ltr'>receperunt.</span> <span class='ocrx_word' id='word_1_11' title='bbox 2229 389 2501 481; x_wconf 82' lang='lat' dir='ltr'>Xyniae</span> 
     </span>
     <span class='ocr_line' id='line_1_3' title="bbox 475 485 2503 566; baseline 0 -3"><span class='ocrx_word' id='word_1_12' title='bbox 475 490 648 566; x_wconf 79' lang='lat' dir='ltr'>uuili</span> <span class='ocrx_word' id='word_1_13' title='bbox 677 487 861 563; x_wconf 84' lang='lat' dir='ltr'>metu</span> <span class='ocrx_word' id='word_1_14' title='bbox 887 518 925 562; x_wconf 88' lang='lat' dir='ltr'>a</span> <span class='ocrx_word' id='word_1_15' title='bbox 954 490 1305 563; x_wconf 84' lang='lat' dir='ltr'>cultoribus</span> <span class='ocrx_word' id='word_1_16' title='bbox 1331 485 1614 563; x_wconf 84' lang='lat' dir='ltr'>desertae</span> <span class='ocrx_word' id='word_1_17' title='bbox 1640 485 1801 561; x_wconf 88' lang='lat' dir='ltr'>sunt.</span> <span class='ocrx_word' id='word_1_18' title='bbox 1904 495 2063 563; x_wconf 89' lang='lat' dir='ltr'>Hoc</span> <span class='ocrx_word' id='word_1_19' title='bbox 2091 486 2341 563; x_wconf 84' lang='lat' dir='ltr'>sedibus</span> <span class='ocrx_word' id='word_1_20' title='bbox 2367 488 2503 565; x_wconf 90' lang='lat' dir='ltr'>suis</span> 
     </span>
     <span class='ocr_line' id='line_1_4' title="bbox 446 590 2500 695; baseline -0 -26"><span class='ocrx_word' id='word_1_21' title='bbox 446 615 705 669; x_wconf 81' lang='lat' dir='ltr'>extorre</span> <span class='ocrx_word' id='word_1_22' title='bbox 759 620 1000 694; x_wconf 86' lang='lat' dir='ltr'>agmen</span> <span class='ocrx_word' id='word_1_23' title='bbox 1055 601 1131 668; x_wconf 88' lang='lat' dir='ltr'>in</span> <span class='ocrx_word' id='word_1_24' title='bbox 1170 590 1565 694; x_wconf 75' lang='lat' dir='ltr'>praesidium</span> <span class='ocrx_word' id='word_1_25' title='bbox 1618 592 1886 678; x_wconf 76' lang='lat' dir='ltr'>incidit,</span> <span class='ocrx_word' id='word_1_26' title='bbox 1959 594 2144 695; x_wconf 88' lang='lat' dir='ltr'>quod</span> <span class='ocrx_word' id='word_1_27' title='bbox 2190 600 2500 668; x_wconf 83' lang='lat' dir='ltr'>Athama·</span> 
     </span>
     <span class='ocr_line' id='line_1_5' title="bbox 433 690 2502 802; baseline 0 -31"><span class='ocrx_word' id='word_1_28' title='bbox 433 727 651 785; x_wconf 67' lang='lat' dir='ltr'>num,</span> <span class='ocrx_word' id='word_1_29' title='bbox 691 725 827 799; x_wconf 88' lang='lat' dir='ltr'>quo</span> <span class='ocrx_word' id='word_1_30' title='bbox 854 706 1050 772; x_wconf 86' lang='lat' dir='ltr'>tutior</span> <span class='ocrx_word' id='word_1_31' title='bbox 1073 694 1502 771; x_wconf 84' lang='lat' dir='ltr'>frumentatio</span> <span class='ocrx_word' id='word_1_32' title='bbox 1535 690 1718 802; x_wconf 64' lang='lat' dir='ltr'>effer,</span> <span class='ocrx_word' id='word_1_33' title='bbox 1758 695 2141 772; x_wconf 81' lang='lat' dir='ltr'>ducebatur:</span> <span class='ocrx_word' id='word_1_34' title='bbox 2195 697 2502 771; x_wconf 86' lang='lat' dir='ltr'>incondi-</span> 
     </span>
     <span class='ocr_line' id='line_1_6' title="bbox 443 784 2507 903; baseline -0.001 -26"><span class='ocrx_word' id='word_1_35' title='bbox 443 824 508 877; x_wconf 87' lang='lat' dir='ltr'>ta</span> <span class='ocrx_word' id='word_1_36' title='bbox 537 799 936 903; x_wconf 86' lang='lat' dir='ltr'>inermisque</span> <span class='ocrx_word' id='word_1_37' title='bbox 961 798 1351 887; x_wconf 73' lang='lat' dir='ltr'>multitude,</span> <span class='ocrx_word' id='word_1_38' title='bbox 1387 810 1599 875; x_wconf 80' lang='lat' dir='ltr'>mixta</span> <span class='ocrx_word' id='word_1_39' title='bbox 1622 802 1858 875; x_wconf 81' lang='lat' dir='ltr'>inbelli</span> <span class='ocrx_word' id='word_1_40' title='bbox 1886 803 2104 889; x_wconf 87' lang='lat' dir='ltr'>turba,</span> <span class='ocrx_word' id='word_1_41' title='bbox 2166 784 2245 875; x_wconf 78' lang='lat' dir='ltr'>ab</span> <span class='ocrx_word' id='word_1_42' title='bbox 2290 823 2507 875; x_wconf 81' lang='lat' dir='ltr'>arma·</span> 
     </span>
     <span class='ocr_line' id='line_1_7' title="bbox 445 902 2506 1007; baseline -0.001 -26"><span class='ocrx_word' id='word_1_43' title='bbox 445 916 529 983; x_wconf 88' lang='lat' dir='ltr'>tis</span> <span class='ocrx_word' id='word_1_44' title='bbox 573 903 751 980; x_wconf 86' lang='lat' dir='ltr'>caesa</span> <span class='ocrx_word' id='word_1_45' title='bbox 792 907 900 979; x_wconf 86' lang='lat' dir='ltr'>est.</span> <span class='ocrx_word' id='word_1_46' title='bbox 1002 911 1260 999; x_wconf 84' lang='lat' dir='ltr'>Xyniae</span> <span class='ocrx_word' id='word_1_47' title='bbox 1301 902 1584 979; x_wconf 88' lang='lat' dir='ltr'>desertae</span> <span class='ocrx_word' id='word_1_48' title='bbox 1624 904 2037 1004; x_wconf 83' lang='lat' dir='ltr'>diripiuntur.</span> <span class='ocrx_word' id='word_1_49' title='bbox 2182 911 2506 1007; x_wconf 81' lang='lat' dir='ltr'>Cypham</span> 
     </span>
     <span class='ocr_line' id='line_1_8' title="bbox 446 999 2507 1111; baseline 0 -26"><span class='ocrx_word' id='word_1_50' title='bbox 446 1009 605 1085; x_wconf 88' lang='lat' dir='ltr'>inde</span> <span class='ocrx_word' id='word_1_51' title='bbox 648 1012 874 1110; x_wconf 78' lang='lat' dir='ltr'>Aetoli</span> <span class='ocrx_word' id='word_1_52' title='bbox 913 1017 1211 1111; x_wconf 83' lang='lat' dir='ltr'>capiunt,</span> <span class='ocrx_word' id='word_1_53' title='bbox 1271 1031 1645 1111; x_wconf 78' lang='lat' dir='ltr'>opportune</span> <span class='ocrx_word' id='word_1_54' title='bbox 1673 1010 2003 1109; x_wconf 90' lang='lat' dir='ltr'>Dolopiae</span> <span class='ocrx_word' id='word_1_55' title='bbox 2022 999 2372 1085; x_wconf 79' lang='lat' dir='ltr'>&#39;inminens</span> <span class='ocrx_word' id='word_1_56' title='bbox 2403 1039 2507 1084; x_wconf 68' lang='grc' dir='ltr'>α·</span> 
     </span>
     <span class='ocr_line' id='line_1_9' title="bbox 443 1115 2504 1216; baseline -0.001 -26"><span class='ocrx_word' id='word_1_57' title='bbox 443 1117 728 1207; x_wconf 81' lang='lat' dir='ltr'>stellum.</span> <span class='ocrx_word' id='word_1_58' title='bbox 875 1120 1064 1189; x_wconf 83' lang='lat' dir='ltr'>Haec</span> <span class='ocrx_word' id='word_1_59' title='bbox 1110 1122 1348 1216; x_wconf 88' lang='lat' dir='ltr'>raptim</span> <span class='ocrx_word' id='word_1_60' title='bbox 1377 1122 1542 1187; x_wconf 88' lang='lat' dir='ltr'>intra</span> <span class='ocrx_word' id='word_1_61' title='bbox 1568 1141 1806 1216; x_wconf 84' lang='lat' dir='ltr'>paucos</span> <span class='ocrx_word' id='word_1_62' title='bbox 1836 1115 1973 1187; x_wconf 90' lang='lat' dir='ltr'>dies</span> <span class='ocrx_word' id='word_1_63' title='bbox 1999 1116 2077 1186; x_wconf 86' lang='lat' dir='ltr'>ab</span> <span class='ocrx_word' id='word_1_64' title='bbox 2106 1115 2365 1187; x_wconf 82' lang='lat' dir='ltr'>Aetolis</span> <span class='ocrx_word' id='word_1_65' title='bbox 2392 1140 2504 1214; x_wconf 89' lang='lat' dir='ltr'>ge-</span> 
     </span>
     <span class='ocr_line' id='line_1_10' title="bbox 445 1214 2504 1320; baseline -0.001 -26"><span class='ocrx_word' id='word_1_66' title='bbox 445 1221 555 1294; x_wconf 81' lang='lat' dir='ltr'>sta.</span> <span class='ocrx_word' id='word_1_67' title='bbox 657 1225 800 1293; x_wconf 91' lang='lat' dir='ltr'>Nec</span> <span class='ocrx_word' id='word_1_68' title='bbox 840 1217 1280 1313; x_wconf 83' lang='lat' dir='ltr'>Amynander</span> <span class='ocrx_word' id='word_1_69' title='bbox 1321 1244 1513 1320; x_wconf 85' lang='lat' dir='ltr'>atque</span> <span class='ocrx_word' id='word_1_70' title='bbox 1558 1224 1992 1303; x_wconf 77' lang='lat' dir='ltr'>Athamanes,</span> <span class='ocrx_word' id='word_1_71' title='bbox 2052 1217 2204 1318; x_wconf 82' lang='lat' dir='ltr'>post</span> <span class='ocrx_word' id='word_1_72' title='bbox 2238 1214 2504 1292; x_wconf 80' lang='lat' dir='ltr'>famam</span> 
     </span>
     <span class='ocr_line' id='line_1_11' title="bbox 433 1319 2041 1427; baseline -0.004 -28"><span class='ocrx_word' id='word_1_73' title='bbox 433 1319 783 1427; x_wconf 82' lang='lat' dir='ltr'>prosperae</span> <span class='ocrx_word' id='word_1_74' title='bbox 809 1351 1069 1423; x_wconf 86' lang='lat' dir='ltr'>pugnae</span> <span class='ocrx_word' id='word_1_75' title='bbox 1097 1328 1563 1397; x_wconf 85' lang='lat' dir='ltr'>Romanorum</span> <span class='ocrx_word' id='word_1_76' title='bbox 1581 1377 1603 1408; x_wconf 98' lang='lat'>,</span> <span class='ocrx_word' id='word_1_77' title='bbox 1636 1330 2041 1425; x_wconf 88' lang='lat' dir='ltr'>quieverunt.</span> 
     </span>
    </p>

    <p class='ocr_par' dir='ltr' id='par_1_3' title="bbox 374 1424 2546 2876">
     <span class='ocr_line' id='line_1_12' title="bbox 506 1424 2499 1528; baseline 0.001 -28"><span class='ocrx_word' id='word_1_78' title='bbox 506 1452 518 1458; x_wconf 79' lang='lat'><strong><em>‘</em></strong></span> <span class='ocrx_word' id='word_1_79' title='bbox 585 1433 758 1500; x_wconf 89' lang='lat' dir='ltr'><strong>XIV.</strong></span> <span class='ocrx_word' id='word_1_80' title='bbox 807 1434 1119 1500; x_wconf 88' lang='lat' dir='ltr'>Ceterum</span> <span class='ocrx_word' id='word_1_81' title='bbox 1147 1426 1621 1520; x_wconf 80' lang='lat' dir='ltr'>Amynander,</span> <span class='ocrx_word' id='word_1_82' title='bbox 1662 1434 1811 1528; x_wconf 86' lang='lat' dir='ltr'>quia</span> <span class='ocrx_word' id='word_1_83' title='bbox 1854 1424 1973 1499; x_wconf 91' lang='lat' dir='ltr'>suo</span> <span class='ocrx_word' id='word_1_84' title='bbox 2017 1426 2217 1501; x_wconf 87' lang='lat' dir='ltr'>militi</span> <span class='ocrx_word' id='word_1_85' title='bbox 2256 1451 2499 1526; x_wconf 84' lang='lat' dir='ltr'>parum</span> 
     </span>
     <span class='ocr_line' id='line_1_13' title="bbox 440 1527 2501 1633; baseline 0 -30"><span class='ocrx_word' id='word_1_86' title='bbox 440 1527 723 1615; x_wconf 81' lang='lat' dir='ltr'>fidebat,</span> <span class='ocrx_word' id='word_1_87' title='bbox 785 1539 990 1631; x_wconf 88' lang='lat' dir='ltr'>petito</span> <span class='ocrx_word' id='word_1_88' title='bbox 1064 1533 1143 1602; x_wconf 92' lang='lat' dir='ltr'>ab</span> <span class='ocrx_word' id='word_1_89' title='bbox 1207 1528 1480 1603; x_wconf 80' lang='lat' dir='ltr'>consule</span> <span class='ocrx_word' id='word_1_90' title='bbox 1548 1528 1825 1604; x_wconf 89' lang='lat' dir='ltr'>modico</span> <span class='ocrx_word' id='word_1_91' title='bbox 1876 1528 2231 1631; x_wconf 84' lang='lat' dir='ltr'>praefidio,</span> <span class='ocrx_word' id='word_1_92' title='bbox 2286 1558 2501 1633; x_wconf 87' lang='lat' dir='ltr'>quum</span> 
     </span>
     <span class='ocr_line' id='line_1_14' title="bbox 374 1631 2499 1735; baseline -0.001 -27"><span class='ocrx_word' id='word_1_93' title='bbox 374 1664 376 1666; x_wconf 67' lang='grc'><strong><em>’</em></strong></span> <span class='ocrx_word' id='word_1_94' title='bbox 442 1638 800 1735; x_wconf 87' lang='lat' dir='ltr'>Gomphos</span> <span class='ocrx_word' id='word_1_95' title='bbox 829 1656 1110 1735; x_wconf 84' lang='lat' dir='ltr'>peteret,</span> <span class='ocrx_word' id='word_1_96' title='bbox 1173 1660 1260 1734; x_wconf 93' lang='lat' dir='ltr'>op</span> <span class='ocrx_word' id='word_1_97' title='bbox 1308 1631 1508 1706; x_wconf 90' lang='lat' dir='ltr'>idum·</span> <span class='ocrx_word' id='word_1_98' title='bbox 1540 1641 1842 1733; x_wconf 81' lang='lat' dir='ltr'>protinus</span> <span class='ocrx_word' id='word_1_99' title='bbox 1868 1640 2145 1707; x_wconf 85' lang='lat' dir='ltr'>nomine</span> <span class='ocrx_word' id='word_1_100' title='bbox 2182 1638 2499 1719; x_wconf 83' lang='lat' dir='ltr'>Phecam,</span> 
     </span>
     <span class='ocr_line' id='line_1_15' title="bbox 437 1734 2498 1839; baseline -0.001 -26"><span class='ocrx_word' id='word_1_101' title='bbox 437 1735 642 1813; x_wconf 78' lang='lat' dir='ltr'>fitum</span> <span class='ocrx_word' id='word_1_102' title='bbox 670 1746 840 1812; x_wconf 87' lang='lat' dir='ltr'>inter</span> <span class='ocrx_word' id='word_1_103' title='bbox 867 1743 1218 1838; x_wconf 82' lang='lat' dir='ltr'>Gomphos</span> <span class='ocrx_word' id='word_1_104' title='bbox 1276 1734 1589 1839; x_wconf 89' lang='lat' dir='ltr'>aucesque</span> <span class='ocrx_word' id='word_1_105' title='bbox 1614 1738 1929 1836; x_wconf 83' lang='lat' dir='ltr'>angustas,</span> <span class='ocrx_word' id='word_1_106' title='bbox 1976 1766 2137 1839; x_wconf 84' lang='lat' dir='ltr'>quae</span> <span class='ocrx_word' id='word_1_107' title='bbox 2175 1741 2254 1811; x_wconf 84' lang='lat' dir='ltr'>ab</span> <span class='ocrx_word' id='word_1_108' title='bbox 2298 1742 2498 1811; x_wconf 87' lang='lat' dir='ltr'>Atha-</span> 
     </span>
     <span class='ocr_line' id='line_1_16' title="bbox 439 1836 2494 1942; baseline -0.001 -26"><span class='ocrx_word' id='word_1_109' title='bbox 439 1851 664 1917; x_wconf 84' lang='lat' dir='ltr'>mania</span> <span class='ocrx_word' id='word_1_110' title='bbox 707 1839 1112 1917; x_wconf 75' lang='lat' dir='ltr'>Thessaliam</span> <span class='ocrx_word' id='word_1_111' title='bbox 1151 1836 1507 1926; x_wconf 86' lang='lat' dir='ltr'>dirimunt,</span> <span class='ocrx_word' id='word_1_112' title='bbox 1569 1848 1636 1914; x_wconf 87' lang='lat' dir='ltr'>vi</span> <span class='ocrx_word' id='word_1_113' title='bbox 1685 1852 1870 1941; x_wconf 87' lang='lat' dir='ltr'>cepit.</span> <span class='ocrx_word' id='word_1_114' title='bbox 1932 1841 2089 1915; x_wconf 82' lang='lat' dir='ltr'>inde</span> <span class='ocrx_word' id='word_1_115' title='bbox 2130 1847 2494 1942; x_wconf 76' lang='lat' dir='ltr'>Gomphos</span> 
     </span>
     <span class='ocr_line' id='line_1_17' title="bbox 438 1939 2491 2048; baseline -0.001 -29"><span class='ocrx_word' id='word_1_116' title='bbox 438 1944 739 2031; x_wconf 76' lang='lat' dir='ltr'>adortuS,</span> <span class='ocrx_word' id='word_1_117' title='bbox 795 1966 861 2019; x_wconf 91' lang='lat' dir='ltr'>et</span> <span class='ocrx_word' id='word_1_118' title='bbox 902 1973 1019 2048; x_wconf 88' lang='lat' dir='ltr'>per</span> <span class='ocrx_word' id='word_1_119' title='bbox 1061 1946 1311 2047; x_wconf 76' lang='lat' dir='ltr'>aliquot</span> <span class='ocrx_word' id='word_1_120' title='bbox 1346 1943 1487 2017; x_wconf 80' lang='lat' dir='ltr'>dies</span> <span class='ocrx_word' id='word_1_121' title='bbox 1524 1939 1783 2019; x_wconf 83' lang='lat' dir='ltr'>summa</span> <span class='ocrx_word' id='word_1_122' title='bbox 1832 1953 1901 2017; x_wconf 86' lang='lat' dir='ltr'>vi</span> <span class='ocrx_word' id='word_1_123' title='bbox 1946 1949 2178 2018; x_wconf 88' lang='lat' dir='ltr'>urbem</span> <span class='ocrx_word' id='word_1_124' title='bbox 2218 1966 2491 2030; x_wconf 58' lang='lat' dir='ltr'>tuentes,</span> 
     </span>
     <span class='ocr_line' id='line_1_18' title="bbox 438 2046 2492 2152; baseline 0 -30"><span class='ocrx_word' id='word_1_125' title='bbox 438 2077 646 2150; x_wconf 90' lang='lat' dir='ltr'>quum</span> <span class='ocrx_word' id='word_1_126' title='bbox 679 2047 870 2122; x_wconf 85' lang='lat' dir='ltr'>scalas</span> <span class='ocrx_word' id='word_1_127' title='bbox 896 2048 978 2122; x_wconf 83' lang='lat' dir='ltr'>ad</span> <span class='ocrx_word' id='word_1_128' title='bbox 1007 2055 1279 2123; x_wconf 83' lang='lat' dir='ltr'>moenia</span> <span class='ocrx_word' id='word_1_129' title='bbox 1311 2046 1637 2133; x_wconf 85' lang='lat' dir='ltr'>erexisset,</span> <span class='ocrx_word' id='word_1_130' title='bbox 1689 2047 1932 2121; x_wconf 83' lang='lat' dir='ltr'>eodem</span> <span class='ocrx_word' id='word_1_131' title='bbox 1977 2069 2162 2123; x_wconf 90' lang='lat' dir='ltr'>metu</span> <span class='ocrx_word' id='word_1_132' title='bbox 2200 2051 2492 2152; x_wconf 87' lang='lat' dir='ltr'>perpulit</span> 
     </span>
     <span class='ocr_line' id='line_1_19' title="bbox 430 2150 2495 2253; baseline 0.002 -27"><span class='ocrx_word' id='word_1_133' title='bbox 430 2150 513 2226; x_wconf 87' lang='lat' dir='ltr'>ad</span> <span class='ocrx_word' id='word_1_134' title='bbox 565 2150 995 2227; x_wconf 86' lang='lat' dir='ltr'>deditionem.</span> <span class='ocrx_word' id='word_1_135' title='bbox 1124 2157 1308 2225; x_wconf 78' lang='lat' dir='ltr'>Haec</span> <span class='ocrx_word' id='word_1_136' title='bbox 1354 2153 1609 2225; x_wconf 77' lang='lat' dir='ltr'>traditio</span> <span class='ocrx_word' id='word_1_137' title='bbox 1647 2159 2124 2251; x_wconf 81' lang='lat' dir='ltr'>Gomphorum·</span> <span class='ocrx_word' id='word_1_138' title='bbox 2153 2161 2495 2253; x_wconf 84' lang='lat' dir='ltr'>ingentem</span> 
     </span>
     <span class='ocr_line' id='line_1_20' title="bbox 434 2251 2489 2362; baseline 0.001 -32"><span class='ocrx_word' id='word_1_139' title='bbox 434 2276 759 2331; x_wconf 83' lang='lat' dir='ltr'>terrorem</span> <span class='ocrx_word' id='word_1_140' title='bbox 798 2251 1128 2331; x_wconf 80' lang='lat' dir='ltr'>Thessalis</span> <span class='ocrx_word' id='word_1_141' title='bbox 1178 2259 1410 2329; x_wconf 81' lang='lat' dir='ltr'>intulit.</span> <span class='ocrx_word' id='word_1_142' title='bbox 1464 2255 1769 2329; x_wconf 76' lang='lat' dir='ltr'>dedidere</span> <span class='ocrx_word' id='word_1_143' title='bbox 1819 2257 2123 2359; x_wconf 78' lang='lat' dir='ltr'>deinceps</span> <span class='ocrx_word' id='word_1_144' title='bbox 2160 2254 2330 2343; x_wconf 84' lang='lat' dir='ltr'>sese,</span> <span class='ocrx_word' id='word_1_145' title='bbox 2372 2266 2489 2362; x_wconf 84' lang='lat' dir='ltr'>qui</span> 
     </span>
     <span class='ocr_line' id='line_1_21' title="bbox 434 2360 2495 2465; baseline -0 -29"><span class='ocrx_word' id='word_1_146' title='bbox 434 2369 762 2462; x_wconf 78' lang='lat' dir='ltr'>Argenta,</span> <span class='ocrx_word' id='word_1_147' title='bbox 806 2370 1048 2465; x_wconf 82' lang='lat' dir='ltr'>quique</span> <span class='ocrx_word' id='word_1_148' title='bbox 1080 2369 1476 2443; x_wconf 73' lang='lat' dir='ltr'>Pherinum,</span> <span class='ocrx_word' id='word_1_149' title='bbox 1525 2385 1583 2431; x_wconf 81' lang='lat' dir='ltr'>et</span> <span class='ocrx_word' id='word_1_150' title='bbox 1615 2367 2060 2449; x_wconf 73' lang='lat' dir='ltr'>Thimarum,</span> <span class='ocrx_word' id='word_1_151' title='bbox 2117 2384 2181 2435; x_wconf 85' lang='lat' dir='ltr'>et</span> <span class='ocrx_word' id='word_1_152' title='bbox 2221 2360 2495 2448; x_wconf 66' lang='lat' dir='ltr'>Lifinae,</span> 
     </span>
     <span class='ocr_line' id='line_1_22' title="bbox 433 2463 2491 2566; baseline 0.001 -28"><span class='ocrx_word' id='word_1_153' title='bbox 433 2487 499 2539; x_wconf 87' lang='lat' dir='ltr'>et</span> <span class='ocrx_word' id='word_1_154' title='bbox 522 2473 932 2554; x_wconf 86' lang='lat' dir='ltr'>Stimonem,</span> <span class='ocrx_word' id='word_1_155' title='bbox 982 2485 1044 2540; x_wconf 79' lang='lat' dir='ltr'>et</span> <span class='ocrx_word' id='word_1_156' title='bbox 1074 2463 1422 2566; x_wconf 79' lang='lat' dir='ltr'>Lampsum</span> <span class='ocrx_word' id='word_1_157' title='bbox 1458 2469 1727 2550; x_wconf 76' lang='lat' dir='ltr'>habent,</span> <span class='ocrx_word' id='word_1_158' title='bbox 1771 2469 2022 2566; x_wconf 74' lang='lat' dir='ltr'>aliaque</span> <span class='ocrx_word' id='word_1_159' title='bbox 2067 2466 2323 2540; x_wconf 74' lang='lat' dir='ltr'>oestella</span> <span class='ocrx_word' id='word_1_160' title='bbox 2350 2475 2491 2564; x_wconf 82' lang='lat' dir='ltr'>jux-</span> 
     </span>
     <span class='ocr_line' id='line_1_23' title="bbox 432 2568 2486 2672; baseline 0.001 -31"><span class='ocrx_word' id='word_1_161' title='bbox 432 2590 497 2642; x_wconf 83' lang='lat' dir='ltr'>ta</span> <span class='ocrx_word' id='word_1_162' title='bbox 540 2571 874 2672; x_wconf 82' lang='lat' dir='ltr'>ignobilia.</span> <span class='ocrx_word' id='word_1_163' title='bbox 1018 2574 1204 2643; x_wconf 79' lang='lat' dir='ltr'>Dum</span> <span class='ocrx_word' id='word_1_164' title='bbox 1274 2578 1667 2642; x_wconf 71' lang='lat' dir='ltr'>Athamanes</span> <span class='ocrx_word' id='word_1_165' title='bbox 1725 2574 2106 2672; x_wconf 74' lang='lat' dir='ltr'>Aetolique,</span> <span class='ocrx_word' id='word_1_166' title='bbox 2170 2568 2486 2644; x_wconf 88' lang='lat' dir='ltr'>submoto</span> 
     </span>
     <span class='ocr_line' id='line_1_24' title="bbox 427 2670 2546 2773; baseline -0.001 -23"><span class='ocrx_word' id='word_1_167' title='bbox 427 2670 890 2750; x_wconf 87' lang='lat' dir='ltr'>Macedonum</span> <span class='ocrx_word' id='word_1_168' title='bbox 922 2696 1098 2745; x_wconf 82' lang='lat' dir='ltr'>metu</span> <span class='ocrx_word' id='word_1_169' title='bbox 1122 2730 1140 2756; x_wconf 87' lang='lat'>,</span> <span class='ocrx_word' id='word_1_170' title='bbox 1182 2684 1248 2744; x_wconf 87' lang='lat' dir='ltr'>in</span> <span class='ocrx_word' id='word_1_171' title='bbox 1278 2676 1482 2744; x_wconf 74' lang='lat' dir='ltr'>aliena</span> <span class='ocrx_word' id='word_1_172' title='bbox 1517 2680 1781 2744; x_wconf 61' lang='lat' dir='ltr'>ricimiri</span> <span class='ocrx_word' id='word_1_173' title='bbox 1823 2674 2001 2746; x_wconf 76' lang='lat' dir='ltr'>suam</span> <span class='ocrx_word' id='word_1_174' title='bbox 2036 2671 2351 2773; x_wconf 60' lang='lat' dir='ltr'>praedam</span> <span class='ocrx_word' id='word_1_175' title='bbox 2395 2671 2491 2748; x_wconf 67' lang='lat' dir='ltr'>fa·⁸</span> <span class='ocrx_word' id='word_1_176' title='bbox 2541 2712 2546 2720; x_wconf 69' lang='lat'><strong><em>¹</em></strong></span> 
     </span>
     <span class='ocr_line' id='line_1_25' title="bbox 427 2775 2487 2876; baseline 0 -25"><span class='ocrx_word' id='word_1_177' title='bbox 427 2785 648 2864; x_wconf 84' lang='lat' dir='ltr'>ciunt,</span> <span class='ocrx_word' id='word_1_178' title='bbox 704 2775 1166 2876; x_wconf 73' lang='lat' dir='ltr'>Thessaliaque</span> <span class='ocrx_word' id='word_1_179' title='bbox 1208 2808 1242 2847; x_wconf 77' lang='lat' dir='ltr'>a</span> <span class='ocrx_word' id='word_1_180' title='bbox 1286 2782 1478 2848; x_wconf 70' lang='lat' dir='ltr'>tribus·</span> <span class='ocrx_word' id='word_1_181' title='bbox 1527 2776 1717 2848; x_wconf 75' lang='lat' dir='ltr'>finml</span> <span class='ocrx_word' id='word_1_182' title='bbox 1763 2780 2175 2864; x_wconf 69' lang='lat' dir='ltr'>exercitibus,</span> <span class='ocrx_word' id='word_1_183' title='bbox 2236 2787 2487 2853; x_wconf 66' lang='lat' dir='ltr'>incerta</span> 
     </span>
    </p>

    <p class='ocr_par' dir='ltr' id='par_1_4' title="bbox 476 2879 2488 2980">
     <span class='ocr_line' id='line_1_26' title="bbox 476 2879 2488 2980; baseline 0.002 -27"><span class='ocrx_word' id='word_1_184' title='bbox 476 2892 628 2953; x_wconf 83' lang='lat' dir='ltr'>uem</span> <span class='ocrx_word' id='word_1_185' title='bbox 659 2879 958 2964; x_wconf 86' lang='lat' dir='ltr'>hostem,</span> <span class='ocrx_word' id='word_1_186' title='bbox 997 2880 1564 2980; x_wconf 74' lang='lat' dir='ltr'>quemvelbcium</span> <span class='ocrx_word' id='word_1_187' title='bbox 1593 2881 1920 2967; x_wconf 80' lang='lat' dir='ltr'>crederet,</span> <span class='ocrx_word' id='word_1_188' title='bbox 1959 2881 2265 2974; x_wconf 82' lang='lat' dir='ltr'>vastatur3</span> <span class='ocrx_word' id='word_1_189' title='bbox 2327 2910 2488 2957; x_wconf 90' lang='lat' dir='ltr'>con·</span> 
     </span>
    </p>

    <p class='ocr_par' dir='ltr' id='par_1_5' title="bbox 406 2978 2493 4103">
     <span class='ocr_line' id='line_1_27' title="bbox 455 2978 2478 3086; baseline 0.004 -32"><span class='ocrx_word' id='word_1_190' title='bbox 455 2983 523 3054; x_wconf 89' lang='lat' dir='ltr'>ul</span> <span class='ocrx_word' id='word_1_191' title='bbox 555 2979 884 3071; x_wconf 83' lang='lat' dir='ltr'>faucibus,</span> <span class='ocrx_word' id='word_1_192' title='bbox 922 3008 1076 3082; x_wconf 85' lang='lat' dir='ltr'>quas</span> <span class='ocrx_word' id='word_1_193' title='bbox 1106 2978 1263 3081; x_wconf 86' lang='lat' dir='ltr'>fuga</span> <span class='ocrx_word' id='word_1_194' title='bbox 1291 2983 1586 3054; x_wconf 84' lang='lat' dir='ltr'>hostium</span> <span class='ocrx_word' id='word_1_195' title='bbox 1615 3006 1979 3082; x_wconf 87' lang='lat' dir='ltr'>aperuerat,</span> <span class='ocrx_word' id='word_1_196' title='bbox 2018 2993 2090 3059; x_wconf 86' lang='lat' dir='ltr'>in</span> <span class='ocrx_word' id='word_1_197' title='bbox 2121 2993 2478 3086; x_wconf 86' lang='lat' dir='ltr'>regionem</span> 
     </span>
     <span class='ocr_line' id='line_1_28' title="bbox 421 3081 2477 3192; baseline 0.003 -34"><span class='ocrx_word' id='word_1_198' title='bbox 421 3088 610 3183; x_wconf 88' lang='lat' dir='ltr'>Epiri</span> <span class='ocrx_word' id='word_1_199' title='bbox 654 3081 1102 3185; x_wconf 72' lang='lat' dir='ltr'>transgreffus,</span> <span class='ocrx_word' id='word_1_200' title='bbox 1151 3083 1263 3158; x_wconf 76' lang='lat' dir='ltr'>etii</span> <span class='ocrx_word' id='word_1_201' title='bbox 1309 3087 1516 3185; x_wconf 90' lang='lat' dir='ltr'>probe</span> <span class='ocrx_word' id='word_1_202' title='bbox 1559 3083 1712 3172; x_wconf 89' lang='lat' dir='ltr'>scit,</span> <span class='ocrx_word' id='word_1_203' title='bbox 1771 3097 1879 3164; x_wconf 91' lang='lat' dir='ltr'>cui</span> <span class='ocrx_word' id='word_1_204' title='bbox 1910 3096 2109 3190; x_wconf 83' lang='lat' dir='ltr'>parti,</span> <span class='ocrx_word' id='word_1_205' title='bbox 2155 3097 2477 3192; x_wconf 87' lang='lat' dir='ltr'>Charopo</span> 
     </span>
     <span class='ocr_line' id='line_1_29' title="bbox 419 3185 2474 3298; baseline 0.005 -39"><span class='ocrx_word' id='word_1_206' title='bbox 419 3195 733 3288; x_wconf 87' lang='lat' dir='ltr'>principe</span> <span class='ocrx_word' id='word_1_207' title='bbox 765 3209 1080 3289; x_wconf 79' lang='lat' dir='ltr'>excepte,</span> <span class='ocrx_word' id='word_1_208' title='bbox 1133 3194 1445 3289; x_wconf 82' lang='lat' dir='ltr'>Epirotae</span> <span class='ocrx_word' id='word_1_209' title='bbox 1486 3185 1819 3281; x_wconf 80' lang='lat' dir='ltr'>favissent3</span> <span class='ocrx_word' id='word_1_210' title='bbox 1882 3215 2139 3279; x_wconf 82' lang='lat' dir='ltr'>tamen,</span> <span class='ocrx_word' id='word_1_211' title='bbox 2189 3204 2343 3298; x_wconf 88' lang='lat' dir='ltr'>quia</span> <span class='ocrx_word' id='word_1_212' title='bbox 2394 3198 2474 3270; x_wconf 79' lang='lat' dir='ltr'>ab</span> 
     </span>
     <span class='ocr_line' id='line_1_30' title="bbox 418 3288 2480 3397; baseline 0.004 -31"><span class='ocrx_word' id='word_1_213' title='bbox 418 3288 858 3366; x_wconf 82' lang='lat' dir='ltr'>satisfaciendi</span> <span class='ocrx_word' id='word_1_214' title='bbox 887 3318 1154 3397; x_wconf 87' lang='lat' dir='ltr'>quoque</span> <span class='ocrx_word' id='word_1_215' title='bbox 1180 3322 1332 3367; x_wconf 90' lang='lat' dir='ltr'>cura</span> <span class='ocrx_word' id='word_1_216' title='bbox 1356 3301 1675 3396; x_wconf 87' lang='lat' dir='ltr'>imperata</span> <span class='ocrx_word' id='word_1_217' title='bbox 1706 3293 1883 3371; x_wconf 86' lang='lat' dir='ltr'>enise</span> <span class='ocrx_word' id='word_1_218' title='bbox 1908 3294 2120 3371; x_wconf 88' lang='lat' dir='ltr'>facere</span> <span class='ocrx_word' id='word_1_219' title='bbox 2150 3298 2363 3385; x_wconf 85' lang='lat' dir='ltr'>videt,</span> <span class='ocrx_word' id='word_1_220' title='bbox 2392 3325 2480 3373; x_wconf 82' lang='lat' dir='ltr'>ex</span> 
     </span>
     <span class='ocr_line' id='line_1_31' title="bbox 413 3395 2486 3502; baseline 0.004 -33"><span class='ocrx_word' id='word_1_221' title='bbox 413 3395 739 3502; x_wconf 78' lang='lat' dir='ltr'>praesenti</span> <span class='ocrx_word' id='word_1_222' title='bbox 766 3424 882 3471; x_wconf 76' lang='lat' dir='ltr'>eos</span> <span class='ocrx_word' id='word_1_223' title='bbox 910 3405 1166 3498; x_wconf 77' lang='lat' dir='ltr'>potius,</span> <span class='ocrx_word' id='word_1_224' title='bbox 1203 3426 1405 3500; x_wconf 79' lang='lat' dir='ltr'>quam</span> <span class='ocrx_word' id='word_1_225' title='bbox 1434 3401 1515 3470; x_wconf 82' lang='lat' dir='ltr'>ex</span> <span class='ocrx_word' id='word_1_226' title='bbox 1541 3409 1885 3499; x_wconf 88' lang='lat' dir='ltr'>praeterito</span> <span class='ocrx_word' id='word_1_227' title='bbox 1903 3457 1936 3488; x_wconf 81' lang='lat'>„</span> <span class='ocrx_word' id='word_1_228' title='bbox 1963 3403 2254 3476; x_wconf 86' lang='lat' dir='ltr'>aestimat</span> <span class='ocrx_word' id='word_1_229' title='bbox 2294 3404 2486 3478; x_wconf 77' lang='lat' dir='ltr'>habi-2</span> 
     </span>
     <span class='ocr_line' id='line_1_32' title="bbox 416 3499 2477 3609; baseline 0.003 -34"><span class='ocrx_word' id='word_1_230' title='bbox 416 3521 524 3588; x_wconf 89' lang='lat' dir='ltr'>tu,</span> <span class='ocrx_word' id='word_1_231' title='bbox 572 3523 634 3574; x_wconf 90' lang='lat' dir='ltr'>et</span> <span class='ocrx_word' id='word_1_232' title='bbox 679 3514 755 3576; x_wconf 80' lang='lat' dir='ltr'>e&#39;a</span> <span class='ocrx_word' id='word_1_233' title='bbox 798 3509 871 3597; x_wconf 83' lang='lat'>⁸¹)</span> <span class='ocrx_word' id='word_1_234' title='bbox 922 3499 1054 3599; x_wconf 87' lang='lat' dir='ltr'>ipsa</span> <span class='ocrx_word' id='word_1_235' title='bbox 1103 3499 1405 3576; x_wconf 84' lang='lat' dir='ltr'>facilitate</span> <span class='ocrx_word' id='word_1_236' title='bbox 1445 3511 1671 3576; x_wconf 84' lang='lat' dir='ltr'>veniae</span> <span class='ocrx_word' id='word_1_237' title='bbox 1697 3513 1957 3578; x_wconf 87' lang='lat' dir='ltr'>animos</span> <span class='ocrx_word' id='word_1_238' title='bbox 1987 3534 2225 3580; x_wconf 89' lang='lat' dir='ltr'>eorum</span> <span class='ocrx_word' id='word_1_239' title='bbox 2252 3515 2326 3581; x_wconf 87' lang='lat' dir='ltr'>in</span> <span class='ocrx_word' id='word_1_240' title='bbox 2353 3535 2477 3609; x_wconf 90' lang='lat' dir='ltr'>po·</span> 
     </span>
     <span class='ocr_line' id='line_1_33' title="bbox 414 3605 2477 3704; baseline 0.003 -27"><span class='ocrx_word' id='word_1_241' title='bbox 414 3605 661 3679; x_wconf 85' lang='lat' dir='ltr'>sterum</span> <span class='ocrx_word' id='word_1_242' title='bbox 691 3606 1018 3679; x_wconf 87' lang='lat' dir='ltr'>conciliat.</span> <span class='ocrx_word' id='word_1_243' title='bbox 1121 3605 1334 3681; x_wconf 81' lang='lat' dir='ltr'>Miffis</span> <span class='ocrx_word' id='word_1_244' title='bbox 1365 3605 1604 3681; x_wconf 88' lang='lat' dir='ltr'>deinde</span> <span class='ocrx_word' id='word_1_245' title='bbox 1630 3616 1885 3694; x_wconf 81' lang='lat' dir='ltr'>nunciis</span> <span class='ocrx_word' id='word_1_246' title='bbox 1926 3615 2345 3704; x_wconf 85' lang='lat' dir='ltr'>Corcyram,</span> <span class='ocrx_word' id='word_1_247' title='bbox 2401 3632 2477 3685; x_wconf 82' lang='lat' dir='ltr'>ut</span> 
     </span>
     <span class='ocr_line' id='line_1_34' title="bbox 413 3710 2474 3813; baseline 0.003 -32"><span class='ocrx_word' id='word_1_248' title='bbox 413 3718 753 3783; x_wconf 86' lang='lat' dir='ltr'>onerariae</span> <span class='ocrx_word' id='word_1_249' title='bbox 799 3737 994 3781; x_wconf 87' lang='lat' dir='ltr'>naves</span> <span class='ocrx_word' id='word_1_250' title='bbox 1038 3716 1112 3781; x_wconf 87' lang='lat' dir='ltr'>in</span> <span class='ocrx_word' id='word_1_251' title='bbox 1151 3710 1370 3784; x_wconf 85' lang='lat' dir='ltr'>finum</span> <span class='ocrx_word' id='word_1_252' title='bbox 1415 3719 1717 3786; x_wconf 83' lang='lat' dir='ltr'>venirent</span> <span class='ocrx_word' id='word_1_253' title='bbox 1771 3716 2243 3803; x_wconf 69' lang='lat' dir='ltr'>Ambracium,</span> <span class='ocrx_word' id='word_1_254' title='bbox 2310 3712 2474 3813; x_wconf 78' lang='lat' dir='ltr'>ipse,</span> 
     </span>
     <span class='ocr_line' id='line_1_35' title="bbox 406 3811 2471 3916; baseline 0.002 -30"><span class='ocrx_word' id='word_1_255' title='bbox 406 3812 780 3916; x_wconf 70' lang='lat' dir='ltr'>progressus</span> <span class='ocrx_word' id='word_1_256' title='bbox 809 3811 1094 3886; x_wconf 90' lang='lat' dir='ltr'>modicis</span> <span class='ocrx_word' id='word_1_257' title='bbox 1124 3819 1499 3904; x_wconf 81' lang='lat' dir='ltr'>itineribus,</span> <span class='ocrx_word' id='word_1_258' title='bbox 1553 3836 1782 3916; x_wconf 88' lang='lat' dir='ltr'>quarto</span> <span class='ocrx_word' id='word_1_259' title='bbox 1815 3815 1919 3890; x_wconf 89' lang='lat' dir='ltr'>die</span> <span class='ocrx_word' id='word_1_260' title='bbox 1951 3826 2021 3893; x_wconf 92' lang='lat' dir='ltr'>in</span> <span class='ocrx_word' id='word_1_261' title='bbox 2053 3820 2284 3892; x_wconf 74' lang='lat' dir='ltr'>mo&#39;nt‘e</span> <span class='ocrx_word' id='word_1_262' title='bbox 2313 3825 2471 3893; x_wconf 91' lang='lat' dir='ltr'>Cer·</span> 
     </span>
     <span class='ocr_line' id='line_1_36' title="bbox 406 3915 2474 4022; baseline 0.002 -31"><span class='ocrx_word' id='word_1_263' title='bbox 406 3926 580 3993; x_wconf 88' lang='lat' dir='ltr'>cetio</span> <span class='ocrx_word' id='word_1_264' title='bbox 621 3917 839 4022; x_wconf 88' lang='lat' dir='ltr'>posuit</span> <span class='ocrx_word' id='word_1_265' title='bbox 881 3915 1112 4003; x_wconf 66' lang='lat' dir='ltr'>eastra,</span> <span class='ocrx_word' id='word_1_266' title='bbox 1163 3918 1404 3995; x_wconf 84' lang='lat' dir='ltr'>eodem</span> <span class='ocrx_word' id='word_1_267' title='bbox 1450 3918 1897 4014; x_wconf 83' lang='lat' dir='ltr'>Amynandro</span> <span class='ocrx_word' id='word_1_268' title='bbox 1940 3953 2095 4003; x_wconf 83' lang='lat' dir='ltr'>cum</span> <span class='ocrx_word' id='word_1_269' title='bbox 2135 3920 2266 4000; x_wconf 78' lang='lat' dir='ltr'>suis</span> <span class='ocrx_word' id='word_1_270' title='bbox 2294 3930 2474 3997; x_wconf 86' lang='lat' dir='ltr'>auxi·</span> 
     </span>
     <span class='ocr_line' id='line_1_37' title="bbox 751 4024 2493 4103; baseline 0.001 -5"><span class='ocrx_word' id='word_1_271' title='bbox 751 4073 757 4077; x_wconf 89' lang='lat'><em>-</em></span> <span class='ocrx_word' id='word_1_272' title='bbox 1722 4093 1727 4098; x_wconf 90' lang='lat'>.</span> <span class='ocrx_word' id='word_1_273' title='bbox 2348 4024 2493 4103; x_wconf 39' lang='lat' dir='ltr'>liis«</span> 
     </span>
    </p>

    <p class='ocr_par' dir='ltr' id='par_1_6' title="bbox 467 4151 1893 4228">
     <span class='ocr_line' id='line_1_38' title="bbox 467 4151 1893 4228; baseline 0.004 -18"><span class='ocrx_word' id='word_1_274' title='bbox 467 4151 543 4225; x_wconf 71' lang='lat'>8)</span> <span class='ocrx_word' id='word_1_275' title='bbox 578 4153 815 4211; x_wconf 73' lang='lat' dir='ltr'>Acharrae</span> <span class='ocrx_word' id='word_1_276' title='bbox 837 4154 1002 4212; x_wconf 73' lang='lat' dir='ltr'>eron.</span> <span class='ocrx_word' id='word_1_277' title='bbox 1032 4158 1208 4214; x_wconf 64' lang='lat' dir='ltr'>&lt;trev-²</span> <span class='ocrx_word' id='word_1_278' title='bbox 1328 4200 1331 4209; x_wconf 21' lang='grc' dir='ltr'><strong>Α</strong></span> <span class='ocrx_word' id='word_1_279' title='bbox 1384 4155 1456 4227; x_wconf 78' lang='grc' dir='ltr'>ι)</span> <span class='ocrx_word' id='word_1_280' title='bbox 1488 4173 1542 4214; x_wconf 72' lang='lat' dir='ltr'>a</span> <span class='ocrx_word' id='word_1_281' title='bbox 1587 4155 1689 4214; x_wconf 83' lang='lat' dir='ltr'>del.</span> <span class='ocrx_word' id='word_1_282' title='bbox 1721 4159 1893 4228; x_wconf 52' lang='lat' dir='ltr'>Gran„</span> 
     </span>
    </p>
   </div>
  </div>
 </body>
</html>
