2732 4671
1122 160 1153 181 x

596 310 599 319 1
713 236 1920 329 cimxxxwrpajtnxcvu
2139 228 2302 321 Ιὀςῐ

242 418 473 508 agrum
502 426 808 506 pacatum
837 402 1157 479 reductos.
1306 406 1495 481 Haec
1522 432 1601 480 ex
1627 402 1946 508 Hispania
1974 413 2302 483 nunciata.

239 518 345 587 Ex
389 512 601 585 Gallia
639 511 884 611 legatos
926 512 1457 585 Placentinorum
1512 531 1575 582 et
1619 508 2172 591 Cremonensium
2222 514 2295 584 L.

190 652 195 653 ¹
244 615 721 709 Aurunculejus
755 637 1011 714 praetor
1041 622 1112 709 in
1136 611 1429 687 senatum
1477 612 1854 688 introduxit.
1912 622 1984 689 iis
2026 640 2310 716 queren-

239 723 411 792 tibus
436 725 741 817 inopiam
770 717 1206 804 colonorum,
1243 719 1389 791 aliis
1417 718 1572 791 belli
1602 717 1880 803 cafibus.,
1939 718 2078 797 aliis
2117 745 2309 792 mor·

226 825 335 908 ‘bo
366 818 712 906 absumtis.,
762 818 1076 923 quosdam
1106 821 1324 896 taedio
1350 820 1733 896 adcolarum
1760 822 2110 897 Gallorum
2151 822 2300 894 reli-

240 923 477 1048 quisse
475 927 804 1011 colonias,
849 923 1135 1000 decrevit
1168 924 1437 1013 sentitiis,
1483 930 1611 1001 Uti
1643 927 1715 1003 C.
1747 930 2018 1000 Laelius
2050 925 2303 1022 consul,

218 1034 298 1133 fi
319 1036 373 1102 ei
409 1034 774 1137 videretur
794 1029 922 1124 fix
947 1022 1588 1128 milliasamiliarum
1622 1031 2079 1126 conscriberet,
2136 1055 2303 1128 quae

243 1140 322 1206 in
384 1160 491 1204 eas
547 1138 833 1219 colonias
893 1137 1389 1209 dividerentur:
1439 1151 1502 1208 et
1559 1151 1635 1208 ut
1680 1138 1764 1209 L.
1808 1135 2305 1235 Aurunculejus
2403 1160 2404 1165 ¹

229 1255 528 1333 praetor
564 1242 953 1310 triumviros
992 1254 1237 1311 crearet
1287 1233 1380 1309 ad
1424 1264 1527 1309 eos
1569 1243 1835 1311 colones
1883 1241 2301 1311 deducendos.

243 1345 463 1413 Cre-ati
494 1345 596 1413 Μ.
631 1341 869 1414 Atilius
897 1345 1238 1426 Serranus,
1280 1346 1352 1415 L.
1382 1341 1679 1415 Valerius
1710 1347 1778 1415 P.
1809 1347 1878 1415 F.
1908 1340 2302 1426 FlaccuS‚L.

241 1445 545 1517 Valerius
572 1449 648 1515 C.
677 1448 746 1518 F.
742 1448 1036 1549 Tappo,
1078 1443 1151 1541 ¹¹)

395 1546 652 1620 XLVII.
705 1542 907 1620 Haud
950 1555 1039 1621 ita
1077 1548 1291 1620 multo
1342 1545 1538 1647 post,
1589 1506 1799 1650 quum
1845 1555 1977 1644 jam
2009 1542 2315 1622 consula-
2436 1636 2440 1643 Δ
2547 1544 2560 1571 ⁸

244 1657 430 1723 rium
472 1657 895 1724 comitiorum
933 1650 1262 1751 adpeteret
1303 1672 1594 1753 tempus,
1658 1657 1735 1727 C.
1776 1653 2029 1725 Laelius
2053 1646 2312 1726 consul
2367 1676 2370 1681 “

242 1780 331 1828 ex
365 1754 574 1827 Gallia
605 1758 894 1829 Romam
927 1755 1140 1830 rediit.
1187 1763 1242 1829 is
1283 1783 1427 1829 non
1464 1753 1719 1842 solum,
1766 1782 1847 1828 ex
1877 1752 2056 1829 facto
2088 1750 2314 1827 absen-

242 1876 315 1932 te
351 1853 425 1931 se
459 1844 1043 1961 senatusconsult0‚
1105 1867 1179 1933 in
1230 1857 1766 1961 supplementum
1837 1864 2214 1932 Cremonae
2240 1876 2306 1929 et

240 1960 631 2037 Placentiae
643 1965 921 2037 colonos
949 1961 1229 2065 scripsit3
1268 1962 1417 2051 sed,
1461 1982 1533 2038 ut
1561 1986 1773 2037 novae
1807 1963 2114 2036 coloniae
2142 1959 2334 2053 duae*

242 2072 323 2141 in
361 2094 633 2167 agrum,
687 2075 803 2167 qui
830 2074 1151 2162 Boiorum
1178 2062 1435 2154 fuisset,
1480 2066 1985 2152 deducerentur,
2029 2087 2096 2141 et
2139 2088 2310 2139 retu·

243 2169 368 2255 lit,
405 2192 466 2242 et
490 2172 759 2243 auc‘tore
783 2195 867 2242 eo
897 2175 1109 2242 Patres
1152 2167 1556 2244 censuerunt.
1664 2168 1963 2242 Eodem
2003 2188 2312 2270 tempore

244 2279 324 2349 Ι...
371 2274 644 2348 Aemilii
691 2280 1005 2373 praetoris
1042 2273 1260 2346 literae
1313 2270 1560 2346 adlatae
1601 2269 1683 2345 de
1721 2273 1955 2346 navali
1960 2298 2184 2374 pugna
2219 2268 2311 2346 ad

146 2429 154 2438 ·
216 2375 714 2472 *Mffimesum
754 2374 960 2464 sach,
1011 2398 1075 2451 et
1117 2382 1187 2451 L.
1228 2382 1615 2480 Scipionem
1668 2373 2036 2450 consulem
2069 2381 2318 2449 exerci-
2380 2433 2388 2440 .

244 2502 393 2554 tum
412 2488 481 2554 in
511 2480 620 2556 As
601 2508 731 2555 am
760 2479 1087 2579 trajecisse.
1186 2483 1523 2556 Victoriae
1549 2479 1795 2556 navalis
1811 2485 1973 2580 erg'o
2004 2485 2313 2554 inunum

246 2584 436 2658 diem
478 2583 867 2687 supplicatio
912 2584 1166 2661 decreta
1216 2586 1345 2659 est:
1413 2593 1484 2657 in
1521 2585 1799 2658 alterum
1858 2582 2074 2669 diem,
2121 2579 2313 2685 quod

251 2696 572 2762 exercitus
606 2695 950 2763 Romanus
982 2710 1124 2764 tum
1150 2697 1449 2789 primum
1477 2696 1549 2763 in
1578 2686 1728 2762 Afia
1756 2685 2065 2788 posuisset
2088 2686 2316 2778 castra,

244 2813 324 2869 ‘ut
347 2820 420 2866 ea
452 2819 549 2865 res
578 2791 776 2894 prosp
781 2821 884 2866 era
912 2814 975 2866 et
996 2794 1161 2868 laeta
1189 2801 1493 2868 eveniret.
1542 2799 1791 2866 vicenis
1813 2794 2162 2889 maj0ribus
2188 2795 2315 2867 ho-

247 2896 439 2970 ssiis
422 2926 493 2970 m
511 2895 795 2997 singulas
823 2895 1322 2998 supplicationes
1348 2896 1718 2971 sacrificare
1734 2894 1966 2971 consul
1991 2896 2082 2969 est
2099 2892 2320 2992 jussus.

245 2997 414 3074 Inde
442 2999 792 3075 consularia
822 3008 1092 3075 comitia
1122 3028 1360 3103 magna
1407 3007 1831 3076 contentione
1871 3003 2107 3075 habita.
2204 3004 2312 3075 Μ.

248 3105 585 3180 Aemilius
615 3102 894 3205 Lepidus
918 3108 1176 3206 petebat
1198 3103 1461 3181 adversa
1491 3101 1670 3180 fama
1699 3111 2086 3191 hominum,
2174 3101 2316 3178 uod

254 3215 680 3310 provinciam
709 3210 1012 3284 Siciliam
1037 3209 1295 3312 petendi
1332 3207 1574 3295 caussa,
1615 3237 1758 3283 non
1796 3207 2097 3284 consulto
2130 3132 2319 3282 sena·

252 3334 366 3398 tu,
404 3332 474 3386 ut
504 3311 620 3387 fibi
649 3311 716 3386 id
744 3309 957 3386 facere
980 3315 1239 3400 liceret,
1279 3310 1650 3415 reliquisset.
1699 3316 2004 3413 petebant
2043 3341 2196 3386 cum
2225 3337 2317 3385 eo

253 3421 361 3492 Μ.
387 3418 648 3490 Fulvius
673 3419 1024 3502 Nobilior,
1063 3423 1189 3491 Cn.
1229 3418 1529 3491 Manlius
1570 3341 1819 3502 Vuls0‚
1865 3421 1970 3491 M.
2007 3415 2314 3491 Valerius

253 3516 555 3596 Mesfana
597 3520 673 3618 ¹).
776 3522 1043 3598 Fulvius
1072 3518 1301 3594 consul
1327 3544 1498 3594 unus
1530 3539 1816 3605 creatur,
1873 3546 2077 3620 quum
2113 3523 2328 3591 ceteri

256 3633 575 3699 centurias
604 3651 746 3698 non
775 3621 1155 3726 explessent.
1198 3622 1373 3726 isque
1408 3636 1454 3665 ¹¹²
1593 3623 1809 3708 ostero
1843 3619 1952 3695 die
1979 3628 2105 3696 Cn.
2123 3624 2319 3695 Man·

254 3729 468 3815 lium,
516 3727 770 3829 Lepido
809 3727 1097 3825 dejecte,
1141 3732 1339 3819 (nam
1371 3651 1668 3802 Magna
1632 3735 1940 3824 atacuit)
1980 3724 2332 3826 collegam.

256 3829 443 3926 dixit.
584 3838 914 3907 Praetores
941 3831 1180 3909 exinde
1205 3829 1405 3919 facti,
1449 3831 1581 3906 duo
1612 3833 1939 3934 offam,
1993 3830 2212 3906 Labeo
2254 3847 2322 3905 et

1415 3946 1423 3954 ·
2063 3935 2314 4026 Pistor.

325 4104 401 4172 k)
446 4108 638 4170 Tappus
665 4108 834 4160 Gran.
860 4108 1009 4160 (ἴων.
1353 4103 1444 4180 ιιι)
1479 4107 1523 4158 is
1550 4121 1734 4182 quoqne
1760 4106 1930 4163 Gron-

320 4174 402 4247 ⁴3
435 4176 636 4243 Mcfflila
659 4177 826 4234 Gran.
852 4177 1004 4230 Creu.
1531 4223 1538 4231 .
1655 4195 1658 4202 ’
