2732 4671
366 247 561 322 *202
850 235 1342 300 teu-ont
1478 251 1662 300 mn.
1765 253 1987 306 xxxx

417 416 532 488 *1*-

2310 401 2438 488 ᾖ,

632 509 1305 676 mmm
1379 577 1837 673 ‘LIBRI
1943 583 2273 675 xxm

404 759 589 872 Ἐκ
637 755 850 822 Sicilia
912 753 975 819 C.
1026 751 1272 818 Laelius
1309 754 1376 818 in
1421 750 1711 835 Africam
1740 775 1783 821 a
1833 755 2112 839 Scipione
2132 753 2351 842 msffies
2377 757 2483 820 in-

422 883 423 887 =
585 852 829 930 gentem
865 837 1169 924 praedam
1207 841 1555 923 reportavit
1568 884 1589 914 ,
1658 850 1718 904 et
1755 841 2063 908 mandata
2113 840 2482 941 Mcfincffae

404 931 675 1015 Scipioni
702 925 972 1012 exposuit
987 970 1006 1000 ,
1044 927 1457 1012 conquerentis
1472 969 1491 1002 ,
1534 926 1700 1011 quod
1724 925 1989 991 nondum
2020 938 2365 993 exercitum
2410 929 2486 991 in

403 1021 696 1104 Africam
733 1013 950 1098 trajeci
995 1021 1070 1077 et.
1200 1011 1435 1076 Bellum
1477 1012 1542 1074 in
1581 1009 1888 1097 Hispania
1912 1013 2153 1094 finitum
2172 1058 2190 1086 ,
2235 1011 2485 1079 viffore

403 1102 717 1177 Romano,
783 1121 897 1186 quo
989 1093 1268 1162 Indibilis
1313 1099 1735 1171 excitaverat,·
1788 1098 1911 1184 ipse
1954 1101 2019 1163 in
2061 1100 2187 1166 acie
2221 1097 2487 1184 occisus,

405 1190 786 1259 Mandonius
815 1180 1258 1273 exposcentibus
1297 1182 1597 1248 Romanis
1628 1205 1670 1249 a
1695 1181 1833 1270 suis
1857 1185 2096 1252 deditus
2119 1186 2216 1266 est.
2316 1185 2512 1248 Ma·.

397 1279 590 1366 goni,
647 1275 754 1359 qui
789 1274 854 1335 in
885 1270 1102 1336 Gallia
1135 1276 1194 1333 et
1243 1266 1583 1353 Liguribus
1620 1279 1787 1345 erat,
1832 1291 1910 1333 ex
1949 1269 2178 1354 Africa
2201 1279 2267 1335 et
2302 1270 2484 1336 miti.

401 1376 537 1431 tum
575 1359 794 1446 ampla>
818 1375 1041 1422 manns
1078 1350 1283 1441 miffa,
1330 1363 1403 1419 et
1435 1356 1757 1437 pecuniae,
1792 1356 2012 1442 quibus
2041 1358 2292 1423 auxilia
2326 1374 2482 1421 con·

400 1450 677 1516 ducerett
718 1452 1214 1527 praeceptumque
1230 1483 1248 1513 ‚
1291 1449 1361 1503 ut
1375 1437 1445 1522 se
1480 1440 1823 1506 Hannibali
1842 1442 2159 1528 jungeret.
2248 1442 2481 1524 Scipio

403 1557 446 1603 a
487 1532 795 1617 Syracusis
836 1530 898 1591 in
949 1527 1225 1591 Bruttios
1270 1534 1373 1590 tra
1394 1524 1546 1600 ‘ecit,
1599 1534 1659 1589 et
1700 1526 1928 1593 Locros
1944 1572 1961 1599 ,
2009 1525 2180 1611 pulso
2218 1527 2483 1592 Punico
2573 1601 2578 1613 ,

391 1640 551 1706 prae
571 1616 725 1690 idio,
795 1622 1101 1700 rogataque
1137 1611 1346 1674 Hanni
1389 1609 1481 1674 ale
1497 1654 1514 1682 ,
1551 1615 1792 1696 recepit.
1876 1614 2028 1690 Pax
2052 1632 2185 1676 cum
2213 1609 2481 1695 Philip-

393 1705 478 1792 po
536 1702 673 1769 affa
703 1721 735 1766 e
781 1744 799 1764 .
886 1699 1080 1763 Idaea
1103 1705 1304 1763 mater
1326 1694 1654 1777 deportata
1682 1698 1760 1781 est
1787 1696 2044 1763 Romam
2075 1718 2115 1762 a
2147 1695 2477 1781 Pefflnun-

381 1794 464 1860 'te
517 1790 737 1876 oppido
777 1783 1130 1869 Pbrygiae,
1181 1783 1449 1847 carmine
1489 1784 1559 1845 in
1596 1782 1772 1847 libris
1812 1783 2129 1864 Sibyllinis
2183 1783 2473 1857 invento,

402 1879 550 1964 pelli
585 1877 755 1940 ltalia
782 1873 1192 1953 alienigenam
1218 1867 1454 1932 hostem
1486 1866 1670 1950 posse,
1712 1868 1755 1932 fi
1788 1882 1989 1933 muter
2015 1868 2190 1933 Idaea
2224 1869 2471 1950 depor-

403 1980 534 2029 tata
570 1960 827 2025 Romaim
861 1953 1268 2021 ess'etsradita
1305 1961 1510 2017 autem
1556 1955 1636 2040 est
1678 1953 1973 2020 Romanis
2006 1974 2122 2037 per
2161 1953 2469 2021 Attalum

315 2116 321 2123 ,
399 2069 606 2131 regem
633 2044 834 2132 Asiae.
923 2042 1118 2125 Lapis
1150 2047 1318 2112 erat,
1360 2060 1535 2124 quem
1560 2049 1822 2106 matrem
1851 2040 2050 2105 Deum
2082 2041 2307 2106 incolae
2353 2037 2474 2116 diff

402 2141 631 2201 cebant.
759 2130 1013 2208 Excepit
1063 2127 1132 2192 P.
1161 2123 1363 2208 Scipio
1391 2125 1611 2210 Nastca
1645 2125 1752 2190 Cn.
1774 2125 1982 2211 filius,
2022 2125 2190 2208 ejus,
2233 2125 2345 2211 qui
2389 2125 2464 2187 in

401 2217 705 2308 Hispania
728 2215 1037 2300 perierat,
1072 2213 1174 2277 vir
1211 2212 1471 2293 optimus
1509 2231 1558 2309 a·
1570 2208 1799 2297 senatu
1822 2210 2178 2295 judicatus,
2249 2208 2467 2274 adole-

400 2308 566 2395 scens
602 2302 866 2373 nondum
913 2299 1317 2386 quaestorius,
1374 2316 1661 2385 quomam
1683 2299 1776 2364 ita
1800 2295 2141 2384 responsum
2154 2295 2463 2386 jubebat:
2498 2347 2502 2353 .

406 2411 485 2462 ut
514 2411 749 2458 numen
775 2390 837 2451 id
866 2388 942 2449 ab
971 2389 1213 2470 optimo
1245 2386 1385 2448 viro
1428 2385 1806 2468 reciperetur
1846 2386 2461 2469 consecrareturque.

370 2484 638 2556 ,Locren
665 2476 727 2541 'es
771 2476 1005 2559 legatos
1051 2470 1305 2535 Romam
1350 2467 1670 2555 miserunt,
1730 2474 1835 2556 qui
1866 2470 1942 2538 de
1987 2472 2053 2534 in
2094 2471 2322 2535 atentia
2381 2466 2463 2553 Q.

398 2565 686 2635 Pleminii
708 2561 900 2645 legati
928 2565 1341 2643 quererentur,
1385 2555 1550 2652 quod
1553 2558 1869 2639 pecuniam
1887 2492 2295 2640 Proserpinae
2310 2552 2465 2619 abs·

399 2654 628 2718 tulerat
645 2693 664 2723 ,
714 2659 773 2713 et
815 2643 1035 2707 liberos
1063 2661 1269 2704 eorum
1297 2660 1371 2705 ac
1396 2659 1679 2723 conjuges
1708 2642 2119 2723 stupraverat.
2220 2640 2462 2705 Plemi-

400 2742 579 2816 uius,
614 2735 680 2797 in
732 2732 960 2794 catenis
1003 2727 1264 2791 Romam
1280 2722 1641 2806 perdonans,
1676 2725 1744 2791 in
1782 2743 2020 2791 carcere
2044 2734 2319 2789 mortuus
2348 2727 2456 2807 est.

288 2867 302 2882 ‚
409 2823 612 2910 Quum
623 2814 830 2899 salsus
858 2832 1071 2876 rumor
1095 2811 1169 2876 de
1201 2810 1272 2871 Ρ.
1302 2807 1582 2888 Scipione
1603 2806 1983 2893 proconsule,
2039 2811 2145 2894 qui
2185 2812 2249 2872 in
2287 2809 2455 2874 Sici-

402 2913 488 2975 lia
524 2912 660 2971 erat
676 2944 692 2973 ‚
736 2902 799 2961 in
826 2895 1035 2961 urbem
1057 2893 1332 2976 perlatus
1358 2891 1512 2979 efflet,
1557 2902 1870 2978 tamquam
1896 2894 1951 2958 is
1979 2895 2409 2962 lncxuriaretur
2421 2916 2454 2967 ,-
2554 2915 2557 2924 =

400 2996 486 3058 mi
525 3012 576 3057 ις
628 2989 702 3051 ob
738 2984 844 3047 hoc
869 2981 1089 3063 legatis
1117 2997 1158 3042 a
1171 2977 1394 3062 senatu
1411 3021 1429 3051 ,
1475 2979 1581 3063 qui
1608 2976 2032 3061 explorarent,
2076 2999 2159 3048 an
2190 2999 2261 3045 ea
2288 2998 2450 3046 vera

399 3076 606 3169 (slent,
646 3076 957 3155 purgatus
980 3060 1242 3153 infamia
1268 3062 1470 3160 Scipio
1497 3064 1561 3127 in
1595 3062 1882 3163 Africam
1894 3063 2167 3145 traiecit,
2230 3074 2450 3137 enatus

394 3152 1364 3333 iifss'ffss‘isgofiiff‘aihfssfflss
1392 3150 2201 3329 ἑζῗηῗᾞΐέἱῖἑῗωζῗΐψ
2215 3149 2450 3319 ἷίὲἑῖἰ

398 3344 546 3407 rat,
586 3324 985 3397 renunciavit.
1118 3317 1462 3407 Malingffm
1502 3343 1618 3388 rex
1649 3322 2073 3408 Mazacam-..m
2095 3369 2110 3396 ,
2154 3322 2300 3389 dum
2321 3344 2441 3407 pro

402 3412 1011 3500 Karthaginienfibus
1041 3410 1107 3474 in
1147 3403 1455 3491 Hispania
1494 3410 1752 3483 militat,
1807 3407 2016 3495 amiffo
2040 3420 2224 3491 patre
2254 3410 2443 3485 Gala,

401 3508 477 3578 de
512 3525 704 3589 regno
751 3496 1077 3563 exciderat.
1131 3512 1248 3577 quo
1290 3511 1404 3573 per
1445 3491 1657 3560 bellum
1667 3490 1853 3579 saepe
1882 3497 2166 3578 repetito,
2208 3494 2469 3580 aliquot¹

391 3594 640 3679 proeliis
665 3610 705 3658 a
742 3583 1016 3667 Syphace
1038 3599 1183 3662 rege
1207 3576 1624 3646 Numidarum
1653 3578 1879 3655 viffus,
1918 3583 1982 3645 in
2006 3590 2198 3645 totum
2222 3585 2463 3665 priva-'⁵‘

398 3692 499 3744 tus
525 3678 641 3763 est.-
681 3682 738 3737 et
767 3690 897 3735 cum
923 3666 1192 3731 ducentis
1213 3663 1509 3749 equitibus
1539 3662 1712 3752 exsul
1727 3666 1995 3749 Scipioni
2011 3665 2081 3752 fi»
2125 3666 2359 3729 unxit.-
2386 3674 2442 3730 et

395 3785 528 3832 cum
566 3783 634 3826 eo
657 3761 858 3842 primo
865 3754 1080 3836 statim
1104 3749 1252 3817 bello
1285 3747 1648 3816 Hannonem
1677 3751 2051 3818 Hamilcaris
2116 3755 2263 3818 lium
2308 3772 2443 3818 cum

398 3849 606 3934 ampla
643 3862 831 3915 manu
873 3838 1208 3901 interemit.
1323 3834 1557 3920 Scipio,
1607 3835 1877 3902 adventu
1921 3838 2026 3903 Ha
2058 3837 2340 3905 drubalis
2380 3844 2442 3900 et

397 3933 731 4021 Syphacis,
773 3927 877 4013 qui
899 3941 1089 4005 prope
1118 3942 1249 3988 cum
1281 3929 1512 3988 centum
1547 3922 1805 4005 millibus
1838 3934 2228 3991 armatorum
2266 3941 2446 3986 vene-

397 4030 583 4096 rant,
637 4015 717 4083 ab
763 4010 1050 4097 obsidione
1106 4004 1317 4071 Uticae
1365 4005 1673 4092 depulsuS,
1718 4007 1984 4075 hiberna
2033 4007 2437 4074 communivit.

398 4103 790 4196 Sempronius
831 4094 1032 4189 consul
1069 4095 1133 4164 in
1173 4113 1333 4189 agro
1390 4092 1750 4183 Crotoniensi
1798 4093 2087 4187 prospere
2147 4088 2441 4248 advleirsus

2326 4196 2441 4248 afl-

2597 3868 2649 3903 ΙΨ
