2732 4671
450 213 596 293 528
1195 218 1269 267 τ.
1374 187 1720 268 ervit
1834 225 1849 252 ³

442 391 668 471 ciavit,
727 375 1141 458 Antiochum
1177 409 1405 483 regem
1446 378 1955 484 Hellespontum
2005 410 2161 457 cum
2216 385 2508 457 exercitu

446 484 764 577 tranfiss‘e3
819 513 882 561 et
910 489 1182 562 Aetolos
1215 495 1300 560 ita
1328 485 1657 587 separare
1675 540 1715 572 ,-
1747 510 1817 561 ut
1842 485 1954 560 sub
1981 486 2337 564 adventum
2368 497 2503 585 ejus

446 603 518 670 in
549 600 745 667 armis
776 589 994 672 elsent.
1130 597 1215 665 Et
1243 599 1533 664 Eumeni
1579 588 1866 677 absenti,
1923 614 1983 664 et
2023 589 2339 692 praesenti
2392 601 2502 665 At·

447 699 579 773 talo
605 704 843 799 gratiae
871 700 1082 770 aciae:
1127 717 1192 768 et
1215 692 1402 768 aedes
1430 696 1694 782 liberae,
1729 696 1956 781 locus,
2001 696 2199 770 lautia
2224 694 2511 781 decreta,

451 823 812 877 et-muncra
838 799 1018 884 data,
1065 805 1215 900 equi
1247 799 1416 884 duo,
1461 802 1612 874 bina
1639 800 1957 901 equestria
1995 823 2211 886 arma,
2253 822 2320 873 et
2361 794 2506 873 vasa

445 929 745 1008 argentea
774 926 1043 979 centum
1071 901 1338 1005 ponde,
1383 925 1446 976 ct
1471 930 1658 976 aurea
1685 909 1919 1004 viginti
1949 904 2206 1004 pond0.
2316 901 2317 904 ¹

592 1012 821 1084 XXIV.
877 1013 1103 1108 Qum
1148 1008 1262 1081 alii
1301 1026 1490 1109 atque
1535 1008 1651 1081 alii
1692 1012 1918 1081 nuncii
1961 1007 2217 1080 bellum
2264 1005 2506 1081 instare

443 1105 811 1197 adferrent,
841 1111 955 1185 .ad
999 1137 1143 1183 rem
1189 1117 1515 1211 pertinere
1541 1107 1755 1185 visum
1781 1111 1910 1197 est,
1948 1108 2245 1184 consules
2274 1119 2501 1211 primo

447 1244 711 1320 quoque
728 1238 954 1315 tempo
992 1242 1028 1288 e
1055 1221 1272 1288 creari.
1376 1220 1597 1318 ltaque
1613 1209 2233 1322 senatusconsultum
2248 1212 2505 1287 facium

447 1321 540 1395 est
557 1375 578 1406 ,
607 1336 691 1392 *nt
718 1323 820 1394 M.
995 1324 1121 1391 'ius
1143 1337 1408 1418 praetor
1433 1320 1648 1392 literas
1677 1318 2008 1417 extemplo
2035 1317 2117 1391 ad
2152 1315 2503 1392 consulem

443 1428 762 1508 mitteret,
799 1425 1034 1525 quibus
1073 1430 1311 1497 certior
1343 1419 1563 1507 fieret,
1612 1417 1865 1506 senatui¹
1898 1417 2191 1523 placere,
2240 1428 2510 1523 provin·

449 1534 550 1601 cia
590 1535 1006 1627 exercituque
1056 1522 1294 1599 tradito
1322 1526 1589 1625 legatiS,
1634 1529 1933 1600 Romam
1966 1534 2201 1599 reverti
2232 1555 2415 1611 eum,
2441 1548 2505 1600 et

448 1657 532 1715 ex
561 1637 793 1705 itinere
821 1634 1228 1729 praemittere
1258 1627 1585 1715 edictum,
1637 1656 1770 1731 quo
1816 1636 2088 1703 comitia
2125 1627 2513 1704 consulibm

451 1733 750 1810 creandis
793 1731 1094 1806 ediceret.
1240 1737 1456 1806 Paruit
1494 1738 1599 1806 his
1641 1734 1847 1807 literis
1873 1729 2138 1819 consul,
2182 1752 2283 1820 et,
2326 1763 2507 1835 prae·

446 1833 645 1913 miffo
669 1834 937 1923 edific,
981 1840 1273 1909 Romam
1308 1841 1503 1909 venit.
1590 1839 1709 1918 ,Eo
1742 1865 2002 1938 quoque
2042 1864 2222 1910 anno
2262 1866 2505 1939 magna

451 1945 728 2015 ambitio
769 1937 931 2024 fuit,
981 1937 1160 2041 quod
1197 1945 1467 2038 patricii(
1496 1959 1621 2013 tres
1662 1944 1733 2013 in
1772 1970 1983 2015 unum
2018 1940 2253 2015 locum
2310 1950 2506 2042 petie·

429 2066 640 2146 =runt,
693 2048 760 2118 P.
815 2042 1163 2117 Cornelius
1205 2048 1334 2116 Cn.
1385 2046 1452 2116 F.
1487 2047 1753 2144 Scipio,
1795 2049 1904 2146 qui
1938 2051 2157 2144 priore
2188 2073 2371 2119 anno
2413 2073 2517 2119 re·

450 2144 704 2251 pulsam
737 2144 1001 2232 tulerat,
1050 2167 1115 2228 et
1141 2150 1212 2220 L.
1243 2147 1596 2221 Cornelius
1625 2151 1888 2249 Scipio,
1938 2169 2001 2220 et
2035 2154 2159 2221 Cn.
2206 2151 2505 2223 Manlius

445 2248 676 2330 Vulso·
777 2256 845 2326 Ρ.
874 2256 1209 2352 Scipioni,
1254 2271 1324 2323 ut
1355 2250 1630 2325 dilatum
1657 2259 1801 2325 viro
1818 2239 1961 2349 tali,
2002 2279 2143 2324 non
2170 2274 2504 2354 negatum,

449 2363 791 2435 honorem
829 2352 1197 2455 adpareret,
1236 2353 1603 2434 consulatus
1648 2350 1827 2430 datus
1856 2356 1965 2430 est.
2016 2356 2274 2431 additur
2324 2368 2397 2456 q)
2446 2365 2506 2432 ei

455 2460 541 2536 de
592 2462 788 2561 plebe
826 2461 1116 2559 collega,
1156 2462 1281 2533 M'.
1329 2459 1580 2534 Acilius
1640 2461 1931 2535 Glabrio.
2074 2461 2342 2535 Postero
2397 2458 2504 2535 die

448 2586 776 2668 praetores
817 2569 1047 2647 creati,
1085 2568 1154 2635 L.
1182 2565 1509 2636 Aemilius
1540 2564 1831 2645 Paullus,
1875 2569 1977 2638 M.
2023 2566 2350 2638 Aemilius
2391 2572 2505 2640 Le·

448 2660 680 2770 pidus,
738 2670 842 2741 M.
880 2671 1107 2756 junius
1145 2669 1409 2752 Brutus,
1469 2673 1546 2741 A.
1585 2671 1937 2743 Cornelius
1962 2669 2379 2754 Mammula,
2424 2675 2503 2742 C.

448 2778 704 2855 Livius,
763 2791 830 2842 et
868 2775 939 2842 L.
987 2775 1284 2870 Oppius;
1337 2774 1593 2873 utrique
1636 2797 1867 2845 eorum
1900 2772 2225 2847 Salinator
2254 2800 2507 2873 cogno·

449 2893 807 2967 menxerat.
907 2876 1166 2973 Oppius
1204 2879 1257 2946 is
1299 2896 1464 2965 erat,
1516 2879 1630 2976 qui
1655 2871 1914 2949 dalstm
1943 2880 2199 2976 triginta
2228 2884 2515 2950 navium

449 2985 527 3052 in
576 2976 870 3050 Siciliam
913 2973 1197 3047 duxerat.
1342 2982 1615 3050 Interim
1675 2978 1836 3053 dum
1876 2987 2042 3054 novi
2096 2980 2505 3080 magistratus

455 3076 841 3154 sortirentur
901 3083 1304 3177 provincias,
1344 3082 1449 3154 M.
1516 3084 1783 3162 Baebius
1839 3112 1875 3156 a
1942 3083 2289 3158 Brundisio
2330 3109 2514 3157 cum

353 3216 364 3225 “
447 3183 760 3259 omnibus
812 3188 1023 3281 copiis
1076 3179 1339 3255 traufire
1383 3192 1456 3258 in
1500 3190 1781 3286 Epirum
1826 3184 1915 3261 est
1967 3186 2194 3284 juffuS,
2242 3194 2507 3262 etciroe

447 3287 884 3387 Apolloniam
914 3289 1138 3386 copias
1164 3292 1534 3362 continere:
1573 3310 1636 3364 et
1663 3296 1766 3365 M.
1796 3291 2029 3366 Fulvio
2068 3300 2357 3392 praetori
2407 3321 2511 3367 ur-

423 3393 623 3466 ‘bano
653 3396 1001 3490 negotium
1025 3387 1251 3464 datum
1280 3391 1406 3479 est,
1444 3416 1512 3467 ut
1545 3399 2048 3499 quinqueremes
2086 3422 2294 3471 novas
2319 3405 2510 3499 quin·
2541 3388 2553 3397 *⁷

454 3494 758 3600 quaginta
800 3490 1058 3568 faceret.
1344 3559 1351 3565 .
1996 3574 2001 3581 q

350 3686 356 3693 ἡ
589 3603 788 3673 XXV.
837 3604 920 3671 Et
946 3594 1226 3697 populus
1259 3595 1526 3698 quidem
1554 3604 1897 3675 Romanus
1925 3608 2011 3676 ita
2046 3593 2118 3687 se
2152 3600 2237 3675 ad
2268 3627 2509 3676 omnes

448 3725 718 3779 conatus
771 3707 1090 3774 Antiochi
1140 3705 1566 3801 praeparabat.
1666 3708 1865 3779 Nabis
1907 3715 2038 3803 jam
2068 3733 2213 3778 non
2242 3702 2508 3779 differe·

381 3852 392 3859 ,
448 3810 557 3881 bat
593 3807 875 3889 bellum,
912 3801 1024 3879 sed
1052 3801 1307 3878 summa
1338 3815 1404 3879 vi
1430 3811 1759 3898 Gythium
1790 3812 2244 3910 obpugnabat3
2296 3833 2380 3895 et,
2413 3817 2512 3882 in·

448 3906 662 3988 sensus
690 3914 965 3985 Achaeis
983 3961 1005 3996 ‚
1042 3905 1223 4012 quod
1250 3907 1553 3986 miserant
1577 3909 1835 3988 obsessis
1860 3911 2290 4017 praefidi'um,
2318 3940 2510 4014 agros
2584 3983 2588 3986 ⁴

521 4034 530 4041 “
945 4056 950 4063 ·
1129 4024 1146 4050 ⁴
1287 4092 1296 4101 .
2267 4028 2505 4105 corum

514 4144 587 4216 q)
619 4144 817 4202 adiens
844 4145 1011 4200 Gron.
1038 4144 1186 4203 (κεν.
