2732 4671
684 263 699 302 ⁷
817 273 1010 326 218.-
1068 241 1341 327 xx'vrr
1437 272 1638 329 eme
1719 279 1764 329 ι.
2180 278 2313 348 132

229 436 262 501 -'
365 444 461 516 L:
493 428 1081 527 Nemea-noae.
1145 463 1313 543 quae
1364 437 1578 517 secuta
1604 433 1717 516 'est
1761 441 2097 546 pugnam‚'
2150 452 2303 525 cita-

218 551 434 630 tiore,
473 540 867 647 quaminde
898 565 1191 632 venerat,
1230 555 1534 646 agmine,
1567 544 1681 620 'die
1719 545 1901 622 sexto
1946 548 2029 621 ad
2071 547 2295 629 stativa

217 646 366 736 sua,
410 670 608 750 atque
638 645 725 720 ad
755 646 1014 721 hostem
1036 657 1356 750 pervenit.
1456 657 1584 724 Iter
1608 659 1740 747 ejus
1766 647 2130 754 frequentia
2163 642 2327 729 mi-⁸

218 781 430 839 nore,
509 759 660 856 quia
721 777 930 825 nemo
983 750 1421 853 praecesserat·
1454 763 1773 843 nuncius.
1800 781 1805 789 ’
1836 756 2075 832 laetitia
2127 783 2292 831 vero

215 878 436 942 tanta,
474 864 593 928 vix
620 881 688 929 ut
717 876 1059 962 compotes
1091 865 1421 935 mentium
1447 887 1601 960 prae
1636 857 1878 961 gaudio
1917 857 2114 933 essent
2129 915 2150 946 .‚
2192 864 2293 933 ce-

215 962 555 1041 lebratum
591 959 693 1032 est.
807 965 991 1034 Nam
1030 963 1290 1036 Romae
1328 984 1558 1037 neuter
1598 957 1808 1038 animi
1848 967 2103 1038 habitus
2145 959 2292 1038 satis

214 1063 364 1139 dici
383 1071 813 1165 ⁸‚enarrari-que
852 1062 1103 1164 potest3
1168 1091 1294 1139 nee
1349 1093 1485 1168 quo
1525 1074 1771 1142 incerta
1808 1065 2292 1169 exspetstatione'

214 1187 499 1261 eventus
512 1175 745 1264 civitas
774 1161 1019 1254 fuerat,
1061 1195 1186 1242 nec
1216 1195 1352 1270 quo
1376 1174 1693 1245 victoriae
1720 1169 1972 1246 famam
2013 1178 2287 1272 accepit.

209 1276 612 1373 Numquam
634 1297 754 1370 per
777 1297 1014 1344 omnes
1040 1269 1209 1358 dies,
1249 1299 1331 1347 ex
1376 1302 1513 1376 quo
1542 1274 1910 1349 Claudium·
1933 1272 2289 1367 'consulem

208 1372 605 1477 profedhm
637 1368 820 1447 fama
844 1372 1131 1461 adtulit..
1180 1380 1261 1450 ab
1312 1400 1467 1452 orto
1519 1375 1656 1452 sole
1707 1377 1788 1453 ad
1842 1377 2285 1466 occidentem,

209 1503 313 1553 aut
337 1476 612 1553 senator
626 1474 967 1581 quisquam
992 1507 1029 1551 a
1045 1485 1225 1553 curia
1250 1500 1440 1583 atque
1453 1482 1532 1556 ab
1557 1483 2030 1583 magistratibus
2043 1478 2286 1573 absces-
2330 1492 2335 1514 “

213 1581 321 1668 fit,
363 1603 487 1658 aut·
506 1582 793 1684 populus
834 1610 871 1657 e
912 1578 1086 1656 foro.
1186 1587 1574 1673 Matronae,
1614 1592 1766 1688 quia
1803 1588 1976 1662 nihil
2013 1593 2088 1660 in
2128 1585 2283 1689 ipsis

212 1695 354 1788 opis
383 1710 560 1770 erat,
604 1694 681 1759 in
709 1709 952 1784 precesx
977 1684 1445 1763 obtestationes
1474 1718 1573 1763 ue-
1598 1687 1846 1776 verine,
1885 1717 2004 1792 per
2044 1698 2282 1764 omnia

212 1789 475 1865 delubra
509 1820 711 1890 vagae
744 1788 1071 1888 suppliciis
1102 1788 1396 1895 votisque
1431 1717 1711 1894 ffatigare
1737 1799 1938 1868 Deos.
1976 1815 2113 1867 tam
2153 1790 2282 1867 sol·

207 1895 423 1970 licitae
472 1927 547 1969 ac
579 1892 908 1995 suspenshe
956 1901 1191 1968 civitati
1233 1891 1413 1969 fama
1450 1904 1697 1972 incerta
1736 1905 1965 2000 primo
2017 1893 2276 1983 accidit,

208 1998 375 2072 duos
397 1999 801 2072 Narnienses
826 2005 1069 2099 equites
1094 2004 1169 2072 in
1199 1999 1396 2073 castra
1409 2054 1432 2086 ‚
1474 2028 1638 2102 quae
1681 2006 1758 2075 in
1782 1997 2077 2075 faucibus
2103 1993 2283 2075 Um·

208 2106 390 2177 briae
420 2101 717 2204 obpofioe
740 2122 959 2188 erant,
1003 2098 1241 2177 veniffe
1276 2128 1358 2177 ex
1380 2105 1677 2205 proelio,
1716 2113 2101 2179 nunciantes
2132 2131 2274 2180 cae-

207 2204 317 2281 sos
346 2206 586 2282 hostes.
680 2212 770 2281 Et
788 2212 1018 2309 primo¹
1055 2215 1266 2307 magis
1303 2211 1597 2296 auribus,
1638 2237 1837 2310 quam
1879 2215 2155 2294 animm
2195 2204 2273 2282 id

207 2332 557 2411 acceptum
585 2331 766 2404 erat„
798 2330 871 2383 ut
904 2316 1112 2407 majus
1148 2307 1534 2413 laetiusque,
1573 2340 1773 2413 quam
1817 2308 1998 2413 quod
2043 2330 2270 2384 mente

211 2442 454 2514 capere
470 2470 493 2499 .
532 2408 636 2489 aut
659 2411 803 2488 satis
831 2413 1094 2488 credere
1120 2409 1413 2517 possent:
1463 2436 1526 2487 et
1551 2411 1685 2513 ipsa
1726 2414 2016 2487 celeritas
2057 2414 2271 2490 fidem

206 2517 622 2619 inpediebat,
656 2517 829 2621 quod
871 2515 1084 2592 biduo
1121 2536 1270 2591 ante
1309 2537 1674 2618 pugnatum
1716 2515 2065 2591 dicebatur.
2165 2521 2274 2589 Li-

206 2644 392 2697 tei-ae
418 2620 655 2696 deinde
673 2625 750 2695 ab
780 2628 852 2697 L.
876 2622 1142 2696 Manlio
1184 2619 1477 2695 Acidino
1523 2618 1750 2695 miffae
1784 2648 1867 2695 ex
1906 2619 2124 2694 castris
2162 2617 2278 2693 ad·
2420 2627 2424 2631 ’

200 2714 515 2802 fer'untur
546 2724 629 2800 de
669 2725 1134 2800 Narniensium
1170 2733 1470 2828 equit-um
1511 2723 1810 2799 adventu.
1909 2730 2046 2799 Eae
2076 2723 2150 2821 ιι)
2192 2723 2273 2796 li-
2409 2758 2412 2763 ·

201 2853 407 2919 teme,
460 2859 599 2933 per
638 2825 870 2904 forum
909 2830 993 2903 ad
1028 2831 1306 2904 tribunal
1346 2836 1665 2931 praetoris
1702 2829 1906 2915 latae,
1973 2821 2273 2902 senatum

205 2944 378 3010 curia
406 2942 824 3010 exciverunt:
861 2956 1045 3009 tanto
1094 2960 1175 3007 ue
1208 2941 1568 3007 certamine
1599 2964 1674 3008 ac
1706 2932 1990 3008 tumultu
2025 2931 2269 3033 populi

204 3038 283 3112 ad
320 3035 513 3115 fores
556 3039 777 3113 curiae
812 3064 1023 3113 conen
1087 3068 1205 3112 um
1250 3037 1380 3125 est,
1442 3058 1514 3112 ut
1571 3036 1748 3112 adire
1803 3042 2078 3119 nuncius
2120 3064 2268 3111 non

205 3141 446 3244 puiset,
508 3147 995 3245 trahereturque
1044 3171 1083 3216 a
1122 3143 1698 3244 percunctantibus
1735 3135 2269 3214 vociferantibuss-

206 3275 363 3349 que,
406 3254 586 3321 utin
611 3245 862 3320 Rostris
884 3240 1097 3347 prius,
1133 3274 1333 3348 quam
1360 3253 1436 3320 in
1477 3243 1731 3330 senatu,
1769 3244 1997 3316 literae
2030 3249 2266 3315 recita-

202 3374 444 3426 rentur.
484 3348 759 3425 tandem
787 3347 1073 3425 submoti
1118 3372 1182 3423 et
1225 3357 1494 3424 coerciti
1533 3378 1584 3423 a·
1615 3345 2119 3447 magistratibust
2166 3341 2268 3417 di·

201 3452 617 3558 spenfarique
644 3455 884 3529 laetitia
922 3463 1094 3528 inter
1136 3461 1507 3554 inpotentes
1549 3461 1681 3549 ejus
1725 3457 1987 3523 animos
2031 3454 2268 3548 potuit.

205 3564 293 3632 In
314 3556 526 3634 senatu
555 3566 894 3661 primum,
917 3554 1175 3633 :deinde
1204 3565 1278 3633 in
1308 3564 1676 3642 concione,
1708 3554 1936 3629 literae
1966 3558 2269 3629 recitatae

204 3658 388 3735 sunt:
444 3685 537 3747 et,
586 3689 717 3765 pro
765 3660 1068 3765 cujufique
1107 3670 1422 3762 ingenio,
1462 3663 1605 3735 aliis
1644 3667 1777 3756 jam
1824 3677 2097 3732 certum.
2117 3683 2269 3757 gau-

203 3763 438 3851 dium,
493 3767 629 3841 aliis
679 3765 861 3839 nulla
899 3786 1051 3840 ante
1096 3762 1313 3840 futura
1349 3763 1516 3843 fides
1557 3784 1725 3853 erat,
1779 3790 1978 3869 quam
2015 3763 2268 3862 legatos

200 3868 641 3956 consulumve
659 3868 883 3947 -literas
909 3866 1242 3949 mdiffent.
2216 3922 2224 3927 -

219 4035 235 4046 ·
1278 3979 1313 4051 1
1364 3999 1403 4068 3
1864 4059 1869 4064 ¹
1954 3970 2060 4044 LI.
2091 3960 2272 4068 Ipsos

284 4143 682 4218 ηειοεοι.

2161 4268 2193 4315 ⁷·
