2732 4671
450 256 595 325 320
1189 227 1278 307 '‘r‘.
1386 262 1424 307 ι
1468 263 1491 307 1
1543 260 1591 308 v
1644 261 1670 308 1
1718 260 1745 308 1
2135 328 2180 369 l

450 441 782 497 ventutem
812 419 1108 495 educeret
1136 447 1214 494 ex
1240 421 1701 522 Peloponneso
1715 480 1737 511 .,
1785 421 1867 497 ad
1912 423 2319 525 inligandam
2365 431 2499 501 Ro-

446 555 650 603 mano
696 527 876 599 bello
926 545 1208 625 gentem.
1264 547 1326 599 et
1358 525 1428 599 id
1471 527 1739 627 quidem
1769 557 2117 631 coarguere
2141 531 2497 625 Cycliadas
2543 576 2552 583 -

440 651 702 733 praetor
730 635 1154 727 Achaeorum
1182 631 1354 703 nihil
1381 627 1673 703 adtinere
1703 655 1903 717 ratus,
1943 631 2015 707 id
2049 633 2257 707 modo
2285 665 2497 737 quum

448 731 740 817 dixiss'et,
818 759 958 805 non
998 733 1200 807 licere
1242 735 1495 833 legibus
1541 741 1963 809 Achaeorum
2009 735 2091 809 de
2133 739 2275 811 aliis
2303 743 2495 823 rebus

426 835 720 921 referre„
782 865 990 937 quam·
1026 863 1146 935 pro
1198 859 1292 939 ter
1346 867 1499 937 quas
1543 847 1891 921 convocati,
1945 839 2177 929 essent3
2233 839 2499 915 decreto

418 941 530 1015 'de
600 949 884 1015 exercitu
936 865 1226 1039 parando
1272 939 1567 1015 adversus
1611 945 1829 1015 Nabin
1881 939 2093 1029 faetO,
2137 947 2495 1017 concilium

442 1043 702 1119 fortiter
746 1073 822 1117 ac
862 1045 1064 1115 libere
1094 1047 1390 1117 habitum
1424 1043 1703 1133 dimisit3
1754 1055 1923 1119 inter
1949 1045 2373 1133 adsentatores
2399 1075 2499 1121 re-

442 1159 592 1249 gios
619 1169 764 1221 ante
796 1137 942 1219 eam
976 1147 1154 1219 diem
1184 1151 1450 1221 habitus,
1553 1151 1897 1251 Philippus
1917 1207 1935 1235 ,
1978 1179 2215 1251 magna
2247 1149 2355 1251 spe
2387 1149 2495 1225 de-

442 1249 696 1353 pulsus,
752 1251 1132 1323 voluntariis
1188 1261 1412 1351 paucis
1452 1255 1767 1327 militibus
1805 1251 2219 1356 conscriptis,
2259 1261 2497 1331 Corin-

444 1363 634 1431 thum
664 1375 848 1453 atque
880 1361 952 1425 in
996 1361 1282 1427 Atticam
1316 1377 1551 1429 terram
1585 1357 1793 1429 rediit.

580 1463 810 1529 XXVI.
856 1463 976 1529 Per
1000 1485 1110 1547 eos
1144 1457 1316 1555 ipsos
1346 1459 1515 1543 dies„
1561 1465 1787 1561 quibus
1817 1465 2153 1561 Philippus
2185 1471 2259 1537 in
2285 1469 2493 1535 Acha-

436 1571 498 1659 ja
542 1557 700 1645 fuit,
756 1559 1086 1633 Philocles
1128 1557 1491 1657 praefectus
1531 1571 1783 1661 regius,
1845 1591 1921 1637 ex
1966 1569 2235 1639 Euboea
2275 1562 2495 1663 profe·

440 1670 579 1739 c'tus
612 1691 769 1737 cum
794 1661 1046 1736 duobus
1078 1663 1368 1737 millibus
1406 1669 1751 1737 Thracum
1777 1667 2365 1769 Macedonumque
2411 1667 2495 1741 ad

433 1765 942 1869 depopulandos
988 1765 1491 1839 Atheniensium
1531 1769 1729 1853 linea„
1787 1797 1823 1839 e
1865 1777 2139 1868 regione
2169 1771 2499 1845 Eleusinis

438 1873 672 1947 saltum
700 1877 1112 1945 Cithaeronis
1140 1867 1545 1945 transcendit.
1595 1871 1749 1943 inde
1787 1871 2061 1945 dimidia
2089 1875 2275 1973 'parte
2313 1877 2505 1947 mili-

434 1997 582 2047 tum
612 1973 700 2047 ad
722 1973 1166 2073 praedandum
1192 1973 1424 2073 passim
1458 2003 1579 2073 per
1607 2003 1795 2075 agros
1833 1973 2123 2061 dimissa„
2167 2003 2315 2049 cum
2350 2005 2503 2075 pat·-

313 2152 320 2156 .
430 2099 496 2151 te
539 2077 674 2177 ipse
714 2079 1006 2149 occultus
1030 2079 1186 2149 loco
1216 2075 1300 2149 ad
1328 2077 1587 2151 insidias
1617 2101 1995 2181 opportuno
2041 2079 2361 2166 consedit,
2403 2102 2497 2165 ut,

432 2183 486 2258 fi
516 2211 596 2256 ex
640 2180 906 2256 castello
948 2185 1026 2254 ab
1068 2179 1370 2256 Eleusine
1398 2189 1473 2254 in
1501 2183 1881 2284 praedantes
1907 2183 2057 2258 suos
2099 2193 2351 2284 inpetus
2381 2183 2497 2256 fie-

434 2308 568 2373 ret„
608 2308 870 2386 repente
900 2286 1112 2358 hostes
1140 2283 1376 2358 effusos
1410 2316 1491 2360 ex
1523 2288 1861 2388 inproviso
1893 2288 2273 2362 adoriretur.
2331 2294 2493 2362 Non

432 2388 736 2466 fefellere
778 2388 1068 2462 insidiae.
1110 2398 1324 2492 itaque
1361 2400 1709 2478 revocati3‚
1771 2400 1883 2494 qui
1931 2390 2353 2466 discurrerant
2410 2388 2495 2464 ad

432 2494 918 2596 praedandum,
996 2496 1344 2580 militibus,
1370 2498 1372 2500 ’
1398 2494 1881 2596 instructisque,
1955 2496 2035 2568 ad
2111 2500 2493 2594 obpugnan-

432 2600 597 2672 dum
640 2598 974 2672 castellum
1016 2598 1392 2672 Eleufinem
1432 2598 1803 2698 profectus„
1865 2628 2017 2672 cum
2057 2600 2275 2672 multis
2304 2595 2308 2596 ⁷
2333 2596 2495 2670 inde

432 2704 810 2776 vulneribus
854 2698 1134 2784 reeessit,
1192 2702 1633 2802 Philippoque
1679 2700 1743 2774 se
1789 2710 2077 2774 venienti
2121 2730 2201 2776 ex
2247 2708 2491 2796 Achaia

430 2814 790 2894 coniunxit.
896 2808 1181 2876 Tentata
1208 2824 1268 2874 et
1300 2806 1376 2874 ab
1406 2802 1549 2902 ipso
1579 2832 1729 2904 rege
1763 2808 2167 2904 obpugnatio
2215 2814 2346 2902 ejus
2395 2834 2493 2880 ca-

430 2910 600 2982 stelli
646 2908 752 2978 est.
808 2904 920 2976 sed
966 2934 1156 2978 naves
1201 2910 1581 2988 Romanae„
1621 2938 1655 2978 a
1709 2920 1775 3002 ιι)
1819 2916 2085 2982 Piraeeo
2131 2916 2487 2994 veniente&

430 3006 1006 3108 intromissiunque
1049 3006 1442 3106 praesidium
1479 3008 1771 3084 absistere
1817 3020 2083 3110 incepto
2115 3032 2491 3112 coegerunt.

430 3110 668 3188 Diviso
702 3110 940 3184 deinde
968 3120 1292 3196 exercitu²
1338 3140 1448 3184 rex
1475 3142 1627 3186 cum
1653 3134 1829 3212 parte
1869 3116 2245 3190 Philoclem
2287 3122 2495 3190 Athe-

430 3246 544 3290 nas
576 3224 798 3300 mittit,
830 3244 982 3288 cum
1014 3236 1194 3314 parte
1218 3212 1354 3314 ipse
1386 3222 1721 3290 Piraeeum
1753 3226 1997 3318 pergit:
2043 3242 2133 3305 υτ,
2165 3250 2375 3320 quum
2417 3228 2491 3318 v)

428 3322 758 3396 Philocles
788 3318 1122 3394 subeundo
1150 3348 1416 3406 muros,
1463 3344 1525 3394 et
1561 3322 2031 3396 comminanda
2061 3328 2495 3424 obpugnatio·

430 3454 516 3498 ne
542 3432 910 3498 contineret
940 3426 1096 3496 urbe
1128 3422 1595 3510 Atlteniense3‚
1643 3426 1759 3528 ipsi
1789 3434 2121 3502 Piraeeum
2151 3430 2287 3502 levi
2327 3456 2495 3502 cum

225 3542 229 3552 '
337 3542 343 3545 ’
428 3528 758 3630 praesidio
790 3530 1092 3602 relietum
1124 3528 1539 3628 expugnandi
1583 3526 1853 3602 facultas
1903 3528 2069 3604 effet.
2173 3538 2495 3610 Ceterum

422 3636 648 3706 nihilo
680 3640 738 3706 ei
770 3640 1012 3704 Piraeei
1036 3688 1054 3714 ,
1100 3660 1300 3732 quam
1332 3632 1683 3720 Eleusinis,
1735 3632 2030 3720 facilior,
2069 3632 2307 3710 iisdem
2347 3632 2495 3710 fere
2567 3713 2582 3718 ,

420 3734 968 3820 defendentibus,
1030 3738 1436 3834 obpugnatio
1487 3734 1629 3808 fuit.
1783 3744 1843 3810 A
1889 3744 2153 3814 Piraeeo
2197 3746 2491 3814 Athenas

428 3862 696 3942 repente
742 3838 960 3932 duxit-4
992 3836 1150 3910 inde
1172 3848 1521 3942 eruptione
1565 3838 1773 3914 subita
1813 3840 2123 3942 peditum
2161 3854 2491 3948 equitum-

2351 3972 2485 4060 (1110

496 4075 573 4147 ιι)
608 4093 638 4130 a
661 4073 762 4145 del.
795 4074 954 4132 Gran.
984 4078 1122 4132 Otev.
1323 4119 1329 4132 .,
1439 4075 1529 4147 Ν)
1565 4075 1679 4152 dung
1703 4077 1870 4132 Gron.
1895 4079 2043 4133 Crev.

1715 4463 1722 4482 l
1768 4478 2314 4587 DiqiiizedmyGOOglC
