2732 4671
283 303 295 314 ,
425 237 583 305 626
1197 239 1292 298 tr.-
1384 244 1746 295 ιινιι

429 419 574 503 bat,
612 409 725 488 sex
761 431 1018 514 apertae
1053 437 1267 486 naves.
1365 406 1709 486 Profectus
1748 436 1952 512 quum
1966 464 1987 497 ‚
2024 430 2347 516 quantum
2388 409 2503 485 ad·

431 522 717 597 celerare
754 531 1044 619 poterat,
1097 512 1501 603 maturasset,
1555 514 1639 590 ad
1678 536 1985 616 portum,
2040 543 2241 618 quem
2280 521 2502 618 Megi-

434 625 581 700 sten
636 642 912 708 vocant,
954 617 1349 722 praegressos
1393 616 1831 721 consequitur.
1870 615 2032 693 inde
2060 647 2205 694 uno
2230 630 2501 720 agmine

429 724 844 804 Phaselidem
883 753 1112 827 quum¹
1135 721 1491 810 venissent,
1557 731 1896 826 optimum
1952 718 2169 798 visum
2229 726 2357 812 est,
2403 728 2498 804 ibi

425 833 698 912 ‘hostem
731 837 1041 932 opperiri.
1435 823 1440 836 '
1791 882 1808 898 ,

575 940 807 1009 xxm.
871 938 951 1007 In
993 932 1297 1008 confinio
1340 938 1585 1028 Lyciae
1628 953 1691 1005 et
1728 931 2165 1031 Pamphyliae
2209 929 2496 1007 Phaselis

430 1038 563 1115 est:
629 1045 969 1140 prominet
1008 1045 1264 1139 penitus
1299 1044 1376 1110 in
1415 1038 1657 1122 altum,
1701 1031 2231 1138 conspiciturque
2274 1046 2494 1137 prima

428 1165 752 1219 terrarum
795 1138 1117 1216 Rhodum
1155 1169 1194 1214 a
1235 1142 1476 1241 Cilicia
1518 1141 1916 1240 petentibus,
1979 1159 2045 1212 et
2087 1143 2331 1241 procul
2390 1169 2497 1215 na·

429 1255 621 1321 vium
648 1242 1360 1347 praebetprospetstum.
1412 1271 1494 1318 eo
1523 1251 1840 1330 maxime,
1878 1266 1949 1317 ut
1976 1249 2049 1317 in
2076 1247 2285 1318 obvio
2319 1244 2497 1319 elaffi

425 1349 725 1427 hostium
754 1345 985 1434 essent,
1027 1351 1270 1424 electus
1295 1350 1485 1424 locus
1514 1349 1625 1422 est.
1725 1353 2077 1435 Ceterum,
2122 1346 2309 1450 quod
2354 1377 2500 1424 non

425 1453 896 1556 providerunt,
946 1473 1009 1525 et
1032 1455 1193 1528 loco
1222 1460 1441 1555 gravi,
1479 1473 1541 1525 et
1565 1474 1867 1551 tempore
1897 1460 2088 1538 anni,
2147 1452 2495 1542 (medium

280 1573 295 1588 ‘
435 1558 625 1632 enim
653 1557 899 1633 aestatis
928 1566 1096 1653 erat)
1133 1555 1216 1632 ad
1241 1564 1379 1633 hoc
1407 1554 1679 1634 insolito
1711 1553 1918 1629 odore
1959 1562 2276 1657 ingruere
2315 1586 2495 1632 mor·

428 1664 502 1736 bi
539 1662 785 1763 vulg0‚
848 1667 1142 1736 maxime
1187 1668 1262 1736 in
1292 1668 1619 1762 remigm,
1668 1682 2041 1759 coeperunt.
2091 1669 2274 1757 cujus
2304 1663 2495 1763 pesti·

425 1766 673 1863 lentiae
702 1787 881 1839 metu
905 1761 1216 1867 Ρτοὶεέὶὶ,
1264 1794 1472 1868 quum
1500 1769 2135 1866 praeterveherentur
2162 1770 2497 1868 Pamphy·

387 1870 599 1944 'lium
626 1867 878 1956 finum,
931 1864 1014 1941 ad
1038 1865 1621 1962 Eurymedontem
1663 1896 1932 1942 amnem
1977 1866 2244 1969 adpulsa
2290 1869 2497 1954 claffe,

274 2058 285 2064 ,
426 1971 701 2046 audiunt
743 1975 823 2045 ab
856 1964 1240 2071 Aspendum,
1280 1968 1363 2045 ad
1391 1968 1631 2060 ⁴Sidam
1663 1981 1796 2069 jam
1821 1972 2044 2046 hostes
2079 1969 2228 2046 esse.
2301 1980 2495 2048 'Tar-

423 2074 575 2188 §us
613 2083 1078 2176 navigaverant
1130 2081 1338 2176 regii,
1395 2065 1685 2151 'adverso
1739 2096 2038 2176 tempore
2102 2076 2490 2163 Etesiarum

520 2177 610 2251 od
655 2179 834 2253 velut
878 2177 1112 2252 statum
1155 2185 1462 2300 Favoniis
1507 2187 1715 2255 ventis
1749 2176 1915 2252 ess'et.
2059 2181 2487 2256 Rhodiorum

423 2206 594 2359 gilae
622 2303 687 2357 et
711 2290 978 2386 triginta
1049 2281 1474 2372 uadrireme8‚
1517 2304 1582 2360 et
1625 2290 1677 2381 c)
1727 2305 1999 2386 quatuor
2015 2292 2319 2368 triremes
2347 2282 2486 2360 fue·

424 2413 520 2465 re.
619 2391 835 2489 Regia
872 2388 936 2463 cl
1026 2416 1078 2461 ιε
1121 2386 1371 2490 septem
1409 2416 1473 2462 et
1513 2395 1775 2489 triginta
1800 2396 2066 2485 majoris
2090 2384 2358 2464 formae
2384 2419 2489 2463 na·

426 2499 616 2566 vium
653 2516 825 2579 erat,
876 2499 953 2565 in
982 2494 1225 2593 ,quibus
1269 2514 1396 2567 tres
1432 2498 1730 2594 hepteres
1780 2512 1845 2566 et
1896 2513 2195 2595 quatuor·
2213 2500 2490 2570 hexeres

425 2598 720 2673 habebat.
771 2616 1027 2696 praeter
1049 2600 1164 2670 has
1180 2594 1413 2672 decem
1432 2605 1725 2671 triremes
1752 2618 1951 2670 erant.
1994 2602 2154 2671 ethi
2207 2597 2281 2697 ⁶)
2324 2594 2492 2673 ades·

421 2695 493 2775 se
519 2698 736 2772 hostes
765 2727 847 2772 ex
870 2696 1131 2799 specula
1173 2701 1455 2804 quadam
1495 2723 1893 2803 cognovere.
1991 2706 2292 2803 Utraque
2339 2698 2494 2777 clas·

417 2799 518 2897 fis}
548 2802 814 2901 postero
858 2799 967 2876 die
1001 2803 1150 2877 luce
1176 2800 1439 2908 :ln-iim,
1482 2824 1816 2907 tamquam
1846 2832 1930 2878 eo
1957 2805 2068 2879 die
2104 2835 2196 2908 pu
2248 2828 2495 2894 natarat

419 2933 460 2979 e
507 2927 706 3004 portu
747 2916 992 2980 movit:
1041 2929 1144 2991 et,
1206 2910 1558 3086 postcquam
1595 2907 1975 3010 superavere
2026 2835 2285 2986 Rhoffii
2337 2938 2492 3014 pro-

420 3020 875 3094 montoriunh
933 3010 1113 3110 quod
1155 3014 1232 3086 ab
1276 3016 1341 3087 Si
1390 3044 1427 3087 a
1464 3022 1803 3117 prominet
1846 3021 1921 3088 in
1946 3014 2190 3103 altum,
2241 3037 2487 3091 extem·

418 3114 540 3214 plo
586 3134 646 3184 et
688 3110 1019 3212 conspecii
1069 3120 1143 3186 ab
1185 3116 1482 3193 hostibus
1523 3116 1708 3206 sunt,
1769 3137 1834 3192 et
1869 3118 1989 3221 ipsi
2017 3147 2133 3193 eos
2158 3116 2487 3196 viderunt.

421 3218 526 3291 Ab
556 3224 752 3315 regiis
785 3228 853 3313 e)
903 3216 1157 3293 sinistro
1185 3246 1435 3310 cornu,
1474 3220 1657 3325 quod
1689 3226 1769 3297 ab
1799 3223 1932 3296 alto
1963 3220 2303 3321 objectum
2333 3244 2489 3313 erat,

294 3316 299 3323 ¹
372 3356 391 3369 =
419 3323 799 3408 Hannibal,
873 3323 1105 3397 dextro
1184 3327 1624 3428 Apolloniu8‚
1701 3349 2216 3430 purpuratorum
2292 3357 2488 3417 unua,

420 3451 725 3525 praeerat.
774 3449 837 3497 et
895 3437 1021 3523 jam
1085 3437 1157 3501 in
1187 3426 1487 3507 frontem
1564 3430 1841 3507 directas
1876 3434 2201 3507 habebant
2262 3462 2482 3509 naves.

414 3531 677 3607 Rhodii
718 3533 931 3632 longo
971 3543 1241 3633 agmine
1277 3539 1641 3638 veniebant.
1697 3543 1914 3638 prima
1951 3543 2277 3637 praetoria
2302 3546 2487 3612 navis

411 3633 704 3720 Eudami
732 3657 898 3722 erat3
951 3642 1225 3737 cogebat
1265 3669 1507 3746 agmen
1553 3642 1982 3729 Chariclitus3
2035 3641 2488 3743 Pamphilidas

411 3739 674 3813 mediae
716 3737 890 3815 claffi
928 3764 1234 3839 praeerat.
1384 3741 1757 3831 Eudamum,
1796 3746 2147 3847 postquam
2188 3747 2488 3821 hostium

413 3850 633 3929 aciem
659 3844 1049 3919 instructam
1075 3869 1139 3921 et
1162 3872 1456 3953 paratam
1482 3850 1566 3927 ad
1588 3848 2124 3928 concurrendum
2154 3850 2362 3935 vidit,
2411 3870 2483 4030 se:

2339 3982 2411 4061 Ῥ

448 4111 558 4259 ,θό
580 4126 629 4169 et
656 4113 758 4199 del.
792 4113 1118 4185 Gran-Creu.
1545 4122 1616 4196 ο)
1650 4126 1779 4197 regio
1807 4125 1978 4195 Creu,
