2732 4671
789 226 808 271 ³
876 258 1381 308 mmxxvur
1506 229 1692 311 (τιή.
1752 262 1845 312 1x
2238 270 2394 343 147

308 448 425 496 m
465 417 868 522 montesque
910 417 1165 522 refugit.
1267 427 1514 518 Pecora
1530 477 1552 509 ,
1620 452 1780 526 quae
1818 432 1988 502 inter
2026 425 2384 521 festinatioe

302 552 475 600 nem
517 528 696 626 abigi
740 532 1157 626 nequierant,
1206 522 1361 617 sunt
1393 527 1645 628 direpta
1669 552 1733 604 et
1753 537 1826 604 in
1855 559 2048 607 naves
2078 538 2380 637 compul-

295 626 396 707 sa.
499 634 679 702 Cum
709 634 815 702 his
844 649 1179 733 ceteraque
1205 622 1479 730 braeda,
1520 638 1610 707 Ni
1789 628 2037 709 raetore
2078 645 2375 715 Achaeo.

297 761 466 807 rum
515 739 803 833 Aegium
850 730 1076 819 miss'o,
1141 759 1351 834 quum
1389 740 1627 809 Corint
1722 767 1794 811 m
1838 738 2117 853 petiiset,
2185 742 2377 844 pede-

295 836 470 910 stres
505 835 658 910 inde
681 845 902 936 copias
931 864 1047 937 per
1075 842 1422 911 Boeotiam
1451 860 1616 931 terra
1645 842 1797 915 duci
1826 841 2010 937 juffit.
2065 844 2237 945 ipse,
2288 852 2367 922 ab
2432 890 2437 905 ·

307 946 668 1013 Cenchreis
706 962 959 1041 praeter
1000 962 1238 1015 terram
1275 949 1568 1015 Atticam
1610 941 1803 1045 super
1853 951 2138 1020 Sunium
2195 960 2371 1039 navi·

310 1071 515 1145 gans,
565 1051 733 1119 inter
775 1043 1030 1143 *medias
1071 1071 1277 1144 prope
1339 1046 1634 1122 hostium
1678 1045 1930 1135 classes,
1979 1040 2371 1131 Chalcidem

309 1155 626 1250 pervenit.
668 1146 859 1235 inde,
900 1146 1288 1224 conlaudata
1314 1149 1447 1223 fide
1475 1180 1551 1224 ac
1595 1160 1858 1239 virtute,
1926 1153 2108 1255 quod
2150 1184 2371 1260 neque

295 1258 552 1337 timor,
599 1279 812 1354 neque
857 1249 999 1353 spes
1038 1249 1632 1340 flexiffent=eorum
1674 1253 1971 1346 animos3
2049 1258 2364 1334 hortatus·
2454 1248 2469 1255 ”

291 1428 296 1451 ,Α
354 1382 438 1430 ue
482 1362 562 1428 in
596 1357 970 1456 posterum,
1025 1377 1096 1429 ut
1134 1355 1366 1429 eadem
1406 1359 1765 1433 constantia
1787 1386 2252 1460 permanerent
2286 1371 2366 1440 in

297 1383 647 1545 acietate,
706 1457 758 1532 fi
799 1457 1018 1545 suam,
1073 1488 1274 1560 quam
1316 1466 1748 1536 Oritanorum
1797 1484 1986 1566 atque
2032 1471 2363 1567 Opuntio-

299 1592 488 1650 rum,
540 1558 885 1638 fortunam
926 1562 1233 1651 mallent3
1286 1568 1363 1639 ab
1407 1563 1722 1641 Chalcide
1768 1572 2027 1642 Oreum
2079 1579 2357 1672 navigat,

289 1674 807 1769 ,principumque
851 1675 962 1754 iis,
1022 1665 1405 1769 qui-fugere
1442 1693 1629 1770 ¹capta
1658 1672 1851 1758 urbe,
1907 1678 2103 1775 quam
2136 1672 2199 1746 se
2229 1679 2365 1748 Ro-

300 1779 513 1845 manis
542 1769 831 1859 tradere,
875 1771 1265 1857 maluerant,
1307 1769 1564 1847 summa
1596 1801 1818 1848 rerum
1850 1795 1913 1846 et
1941 1776 2227 1851 custodia
2256 1807 2362 1852 ur-

297 1872 780 1975 meilsa‚
825 1883 845 1949 i
896 1873 959 1947 se
999 1874 1494 1969 Demetriadem
1535 1880 1615 1951 ab
1656 1879 1961 1965 Euboea,
2012 1878 2188 1954 unde
2230 1890 2365 1983 pri·

296 2007 416 2052 mo
457 1977 542 2054 ad
586 2005 791 2079 opem
833 1903 1178 2054 flerendam
1219 1975 1412 2054 sociis
1470 1977 1810 2081 profeelus
1861 2003 2027 2069 erat,
2090 1994 2354 2081 trajecit.

279 2078 718 2173 ‚caffandreae
743 2081 985 2171 deinde
1018 2086 1283 2158 centum
1309 2091 1583 2159 navium
1608 2085 1962 2187 longarum
1994 2096 2228 2163 carinis
2240 2118 2360 2192 po·

291 2184 471 2272 fitis,
525 2191 977 2289 contractaque
1021 2185 1105 2260 ad
1141 2185 1457 2262 effectum
1502 2196 1634 2284 ejus
1677 2197 1890 2288 operis
1932 2188 2357 2268 multitudine

295 2286 643 2365 fabr-arum
681 2288 1048 2379 navalium,
1108 2298 1257 2392 quia
1298 2284 1399 2363 re&
1439 2299 1515 2366 in
1553 2296 1827 2365 Graecia
1870 2294 2248 2394 tranquillas
2283 2317 2349 2370 et

295 2392 638 2496 profectio
675 2397 872 2473 Attali
912 2392 1192 2478 fecerat,
1233 2413 1296 2466 et
1339 2401 1416 2467 ln
1448 2415 1748 2494 tempore
1776 2396 2214 2499 laborantibus
2252 2397 2355 2472 so-

297 2495 422 2570 ciis
444 2498 646 2573 latum
665 2502 744 2574 ab
769 2497 837 2574 se
862 2499 1183 2598 auxilium
1201 2551 1223 2582 ,
1262 2520 1438 2569 retro
1468 2504 1542 2569 in
1563 2524 1848 2596 regnum
1866 2496 2224 2596 *mceffiu
2277 2524 2353 2577 ut

291 2599 617 2676 Dardanis
639 2604 886 2678 bellum
912 2598 1199 2677 inferret.
1891 2603 1897 2616 '
1994 2667 1995 2670 ,

381 2755 388 2760 -
441 2711 550 2780 lx.
590 2707 911 2784 Exti-emo
940 2706 1182 2780 aestatis
1214 2711 1378 2802 ejuS,
1424 2732 1553 2805 qua
1576 2707 1737 2776 haec
1760 2711 1836 2777 in
1865 2707 2134 2779 Graecia
2173 2707 2351 2808 gesta

277 2797 465 2896 sunt,
529 2837 734 2914 quum
774 2812 1133 2912 QFabius
1174 2814 1466 2884 Maximi
1504 2807 1677 2880 filius
1745 2805 1812 2904 ¹¹)
1861 2807 2109 2911 legatus
2136 2814 2215 2884 ab
2239 2815 2343 2885 M.

281 2919 480 2988 Livio
510 2912 781 2989 consule
809 2919 1102 2989 Romam
1128 2910 1211 2986 ad
1234 2910 1528 2985 senatum
1558 2908 1945 2998 nunciasset,
2007 2909 2349 2992 consulem

279 3014 428 3092 satis
457 3017 765 3119 praefidii
798 3019 1043 3095 Galliae
1067 3021 1446 3119 provinciae
1460 3014 1724 3090 credere
1752 3019 1824 3091 L.
1852 3018 2167 3094 Porcium
2186 3048 2347 3096 cum

278 3118 411 3196 suis
437 3123 811 3223 legionibus
835 3119 990 3196 effe:
1031 3119 1349 3195 decedere
1376 3113 1659 3205 scinde,
1700 3148 1776 3192 ac
1816 3116 2051 3194 deduci
2100 3123 2343 3197 cierei-

280 3245 429 3299 tum
477 3224 890 3301 consularem
929 3223 1147 3326 posse;
1196 3231 1405 3297 Patres
1446 3249 1591 3296 non
1629 3228 1732 3296 M.
1771 3227 2038 3297 Livium
2082 3247 2342 3300 tantum

265 3328 500 3404 redire
525 3328 609 3402 ad
633 3333 901 3416 urbem,
943 3327 1052 3403 sed
1082 3329 1409 3429 collegam
1439 3327 1704 3428 quoque
1727 3333 1859 3421 'ejus
1888 3329 1965 3398 C.
1984 3326 2344 3404 Claudium

277 3430 609 3528 jusserunt.
749 3432 829 3508 Id
867 3432 1080 3510 modo
1105 3441 1178 3506 in
1203 3429 1463 3507 decreto
1499 3424 1833 3516 interfuit,
1882 3427 2065 3529 quod
2106 3433 2208 3504 M.
2238 3435 2345 3505 Li-

277 3544 380 3610 vii
406 3545 764 3612 exereitum
785 3535 1045 3625 reduci,
1095 3537 1150 3635 ¹)
1200 3541 1487 3611 Neronis
1509 3534 1807 3633 legiones
1834 3533 2198 3608 Hannibali
2228 3536 2344 3608 ob-

269 3637 521 3738 positam
552 3670 817 3717 manere
859 3649 934 3717 in
972 3648 1320 3744 provincia
1357 3635 1682 3734 jufferunt.
1824 3639 2003 3714 Inter
2044 3634 2341 3713 consules

282 3749 375 3815 ita
404 3769 519 3842 per
539 3745 753 3819 literas
783 3743 1131 3833 convenit,
1166 3766 1240 3820 ut
1251 3799 1285 3840 ,x
1321 3734 1888 3845 quemadmodum
1935 3769 2076 3816 uno
2106 3748 2338 3821 animo

276 3849 762 3948 rempublicam
801 3847 1153 3952 geffissent,
1206 3856 1330 3935 ita,
1392 3872 1797 3950 quamquam
1826 3873 1908 3920 ex
1942 3840 2207 3919 diverfis
2244 3871 2340 3916 red

273 3955 585 4051 gionibus
624 3962 1060 4030 convenirent
1076 4009 1099 4041 ,
1149 3975 1285 4028 uno
1327 3971 1633 4050 tempore
1687 3945 1772 4021 ad
1819 3949 2054 4026 urbem
2078 3942 2340 4024 accede·

1341 4061 1401 4130 K
1438 4077 1483 4127 2
2171 4071 2334 4125 rent.

273 4229 278 4238 ·
337 4186 421 4259 k)
458 4192 714 4247 mm
733 4205 875 4261 pater
899 4169 1064 4270 Grop,
1082 4194 1232 4262 θην,
1373 4187 1435 4257 1)
1472 4187 1642 4254 (leniaci
1684 4187 1832 4242 (ἔην.
