2732 4671
437 280 594 336 212
864 238 874 251 ⁰
1212 274 1285 328 τ.
1390 268 1834 326 ιινιι·

589 445 736 517 vn.
774 445 1080 542 Scipioni
1108 434 1179 514 ut
1205 448 1589 516 nunciatum
1618 440 1743 527 est,
1780 447 1856 518 in
1902 448 2148 539 majore
2189 440 2514 520 discrimi‘·

443 575 534 625 ne
560 553 791 622 Locris
820 573 967 621 rem
1007 553 1201 633 verti,
1252 543 1603 647 ipsumque
1640 545 2092 621 Hannibalem
2132 546 2544 639 adventare3‘

425 647 970 752 .ne,prae‘s1dium
1008 657 1206 724 etiam
1245 649 1746 749 periclitaretur,
1800 647 1981 725 haud
2018 647 2200 726 facili
2237 649 2389 726 inde
2416 678 2513 724 re·

453 778 682 856 ceptu,
741 749 980 856 etipse
1022 782 1058 827 a
1101 750 1434 839 Meflana,
1490 758 1563 826 L.
1608 748 1921 852 Scipione
1954 750 2151 829 fratre
2181 763 2255 831 in
2281 753 2512 856 praesi-

450 857 572 934 dio
598 862 694 934 ibi
735 858 1004 943 relicto,
1050 885 1257 958 quum
1299 864 1598 957 primum
1642 856 1814 930 aestu
1844 854 2124 953 fretum¹
2275 878 2517 933 *natum

457 964 587 1050 est,
630 990 823 1037 naves
857 969 1027 1036 mari
1057 958 1345 1036 secundo
1375 955 1570 1034 mifit.
1667 967 1752 1035 Et
1783 962 2158 1048 Hannibal,
2294 968 2524 1037 Butro-

453 1088 528 1144 to
556 1073 752 1167 amni
792 1062 1000 1153 (haud
1035 1065 1275 1165 procul
1310 1072 1362 1137 is
1398 1067 1480 1138 ab
1519 1065 1681 1137 urbe
1722 1069 1946 1140 Locris
1985 1065 2200 1163 abest)
2266 1074 2521 1142 nuncio

472 1162 842 1255 'raemiffm
898 1188 968 1242 ut
1009 1164 1106 1241 sui
1146 1168 1294 1246 luce
1339 1175 1560 1270 prima
1599 1166 1859 1243 summa
1886 1177 1952 1248 vi
1996 1171 2338 1272 proelium
2365 1199 2523 1246 cum

434 1285 442 1299 '
521 1280 777 1349 omanis
824 1300 901 1345 ac
937 1270 1362 1346 Locrensibus
1410 1267 1854 1358 consererent,
1905 1272 2071 1348 dum
2105 1273 2284 1375 ipse,
2346 1298 2522 1374 avger-

456 1376 540 1453 fis
574 1379 884 1450 omnibus
926 1382 1001 1447 in
1041 1402 1198 1450 eum
1239 1377 1632 1462 tumultuin,
1686 1377 1765 1450 ab
1811 1396 2000 1478 tergo
2040 1372 2271 1454 urbem
2300 1387 2522 1454 incau-

455 1505 609 1556 tam.
651 1476 1141 1581 adgrederetur,
1209 1482 1321 1553 ubi
1377 1481 1526 1554 luce
1571 1501 1870 1581 coeptam
1910 1488 2165 1555 invenit
2199 1511 2521 1584 pugnam,

454 1580 592 1688 ipse
634 1610 759 1658 nec
794 1589 870 1658 in
907 1609 1128 1655 arcem
1170 1579 1236 1654 se
1280 1581 1652 1669 includere,
1705 1586 1887 1656 turba
1920 1585 2150 1659 locum
2182 1608 2399 1661 artum
2427 1592 2522 1660 in-

452 1685 819 1793 pedituras,
853 1685 1104 1775 voluit3
1145 1712 1356 1786 neque
1386 1682 1613 1771 scalas,
1657 1689 1888 1787 quibus
1913 1683 2244 1762 scanderet
2267 1717 2525 1776 muros,
2600 1746 2613 1760 .

452 1789 787 1867 adtulerat.
810 1786 1086 1864 ‘sarcinis
1114 1795 1187 1862 in
1211 1816 1517 1862 acervum
1549 1791 1893 1884 conjectis,
1948 1819 2149 1891 quum
2176 1791 2350 1865 haud
2363 1794 2522 1894 pro·

369 1978 377 1984 ,
457 1896 565 1970 cul
603 1902 809 1969 muris
854 1892 937 1967 ad
972 1915 1295 1977 terrorem
1319 1893 1613 1966 hostium
1639 1899 1852 1966 aciem
1884 1891 2291 1982 ostendisset,
2329 1908 2521 1975 ,cum

451 2000 777 2101 equitibus
808 1995 1124 2071 Numidis
1156 1997 1733 2097 circumequitabat
1756 2000 2021 2084 urbem,
2083 1996 2248 2072 dum
2287 1997 2521 2083 scalae,

446 2178 469 2192 ,
503 2128 619 2174 uae
664 2127 747 2175 ue
773 2099 900 2175 alia
931 2094 1023 2174 ad·
1044 2098 1562 2199 obpugnandum
1596 2127 1760 2200 opus
1789 2124 2012 2187 erant,
2041 2122 2383 2203 parantur,
2434 2102 2522 2176 ad

410 2286 418 2301 .
475 2223 479 2228 ’
551 2129 799 2280 οηςὲιιιιι
875 2231 959 2278 ua
986 2210 1275 2278 maxime
1299 2220 1480 2304 parte
1505 2200 1982 2306 adgrederetur.
2025 2234 2151 2308 pro
2269 2205 2393 2280 ss'us
2434 2204 2519 2282 ad
2583 2212 2589 2219 “

398 2381 401 2382 ⁷
454 2338 763 2396 murum,
846 2313 1171 2410 corpione
1207 2308 1381 2396 isto,
1441 2316 1553 2410 qui
1576 2315 1924 2409 proximus
1951 2324 2112 2386 eum
2127 2232 2316 2386 ’ἔξω
2342 2311 2520 2386 stete-

342 2417 351 2476 ἶ
453 2436 588 2503 rat,
644 2420 901 2489 territus
947 2409 1104 2486 inde
1145 2433 1281 2492 tam
1322 2410 1698 2512 periculoso
1735 2411 1916 2502 casu,
1967 2423 2253 2518 receptui
2285 2433 2522 2526 canere

456 2544 669 2621 quum
718 2515 1009 2615 juffiffet,
1051 2516 1248 2589 castra
1285 2517 1519 2614 procul
1569 2521 1648 2591 ab
1709 2522 1854 2593 ic‘tu
1914 2519 2029 2593 teli
2098 2519 2518 2595 communiit.

455 2621 685 2699 Claffis
713 2626 1021 2694 Romana
1049 2646 1084 2689 a
1114 2616 1405 2690 Messana
1430 2625 1715 2704 Locros,
1764 2623 2013 2721 aliquot
2050 2629 2233 2698 horis
2275 2623 2385 2698 die
2426 2620 2516 2696 su·

452 2745 761 2829 perante,
809 2719 1090 2795 acceffit:
1134 2718 1412 2819 expositi
1447 2746 1682 2793 omnes
1709 2747 1746 2792 e
1771 2724 2079 2810 navibuS,
2118 2749 2181 2799 et
2215 2749 2365 2801 ante
2408 2754 2521 2802 oc·

456 2824 678 2904 casum
707 2822 863 2897 solis
892 2826 1123 2896 urbem
1154 2819 1416 2921 iugreffi
1441 2820 1604 2895 sunt.
1704 2825 1970 2900 Postero
1994 2824 2109 2902 die
2155 2841 2386 2928 ccepta
2432 2855 2520 2905 ex

453 2956 602 3005 arce
642 2957 679 3000 a
717 2931 956 3000 Poenis
988 2951 1241 3026 pugna:
1278 2944 1356 2996 -et
1401 2927 1776 3020 Hannibal,
1829 2936 1963 3026 jam
2001 2927 2190 3006 scalis
2239 2929 2519 3034 aliisque

453 3032 773 3108 omnibus
809 3026 895 3102 ad
949 3030 1516 3129 obpugnationem
1596 3037 1862 3155 paratiS,
1922 3030 2172 3110 subibat
2251 3064 2522 3110 muros:

452 3155 661 3238 quum
687 3151 952 3234 repente
985 3140 1058 3207 in
1086 3159 1238 3205 eum
1255 3186 1276 3221 ,
1318 3134 1495 3210 nihil
1522 3149 1745 3208 minus
1772 3163 1971 3238 quam
2000 3139 2125 3212 tale
2149 3138 2513 3243 quidquam

452 3246 827 3325 timentem,
873 3232 1190 3338 patefacta
1216 3247 1405 3337 porta
1430 3262 1783 3340 erumpunt
1811 3246 2122 3317 Romani.
2162 3242 2246 3317 ad
2274 3243 2531 3338 ducen-⁴
2580 3319 2589 3326 ,

451 3365 556 3419 tos
634 3338 1062 3444 inprovidos,
1161 3370 1322 3417 uum
1389 3339 1787 3433 invafiffent,
1853 3341 2204 3421 occidunt.
2259 3369 2511 3424 ceteros
2601 3405 2605 3414 .

451 3445 836 3534 Hannibal,
884 3466 956 3519 ut
985 3472 1068 3519 co
1114 3445 1324 3546 ⁸ulem
1365 3444 1575 3522 adeffe
1614 3445 1838 3536 senfit,
1890 3456 1966 3524 in
2006 3452 2206 3526 castra
2249 3459 2515 3555 recipit:
2551 3451 2556 3454 ’

422 3559 842 3654 ,ειιιιιείοςιιο
883 3547 1080 3624 miffo
1122 3546 1207 3623 ad
1250 3577 1404 3637 eoa,
1456 3558 1568 3655 qui
1608 3560 1684 3627 in
1721 3582 1870 3627 arce
1899 3576 2117 3644 erant,
2157 3577 2229 3630 ut
2254 3555 2548 3631 fibimet-

453 3651 581 3760 ipfi
620 3651 1069 3741 consulerent,
1120 3656 1319 3727 nocte
1362 3664 1563 3732 motis
1593 3657 1820 3736 „castris
1852 3660 2037 3735 abiit.
2180 3667 2266 3737 Et
2298 3666 2507 3764 quiin

438 3775 602 3842 arce
643 3777 859 3844 erant,
915 3764 1060 3859 igni
1099 3762 1343 3856 injecto
1390 3763 1605 3846 teffis,
1656 3790 1821 3865 quae
1853 3767 2192 3851 tenebant,
2244 3787 2316 3839 ut
2339 3773 2398 3838 is
2420 3763 2517 3836 tu-'

396 3861 401 3864 ’
454 3864 700 3939 multus
725 3861 991 3944 hostem
1021 3885 1420 3964 moraretur,
1459 3892 1713 3965 agmen
1736 3864 2016 3951 suorum
2051 3866 2267 3973 fugae
2301 3864 2508 3944 simui
2567 3903 2572 3910 ¹

455 3965 645 4064 eursu
667 3968 1114 4072 antenodtem
1137 3963 1433 4078 adsecuti·
1449 3965 1613 4056 sunt.
1787 3996 1794 4001 ·
2571 3975 2578 3984 “

2239 4163 2515 4293 ‚m
