2732 4671
354 233 500 315 51'8'
1064 237 1139 290 ¹1¹.
1241 242 1352 288 1.1
1407 228 1601 288 v?1·1

360 408 601 490 deinde
656 407 920 510 quantas
968 404 1268 507 peditum
1327 397 1754 507 equitumque
1790 393 2024 504 'copias
2060 403 2432 503 praebituri

358 519 703 598 Antiocho
735 511 818 585 ad
850 511 1104 583 bellum
1131 505 1362 581 effentz
1404 535 1564 610 quae
1588 509 1735 581 loca
1763 507 2157 580 terrestribus
2192 501 2434 606 copiis,

365 647 529 722 quos
559 637 784 717 portus
813 621 1184 688 maritimi&
1281 616 1477 686 Tum
1504 610 1586 685 de
1612 609 1924 711 Philippo
1966 632 2028 682 et
2057 611 2314 684 Nabide
2356 613 2436 684 li·
2474 661 2493 674 .

364 727 529 799 bero
570 717 918 794 mendacio
948 717 1349 790 abutebatur:
1388 731 1714 812 paratum
1738 731 2091 813 utrumque
2121 719 2438 788 adrebal-

365 829 636 906 landum
669 822 815 926 effi:
859 838 922 898 ct
935 827 1226 915 primam
1265 845 1570 919 quamque
1596 822 1971 920 occasionem
1998 824 2434 912 recuperandi

369 957 480 1013 ea,
540 954 702 1027 quae
735 929 907 1002 bello
955 923 1326 1024 amifiſj'ent,
1372 917 1783 1017 cidrfflturos.
1912 928 2007 993 Ita
2046 949 2167 1021 per
2215 944 2433 995 totum

366 1031 568 1106 simul
593 1032 828 1102 orbem
870 1049 1186 1100 terrarum
1216 1027 1440 1100 Aetoli
1484 1030 1806 1099 Romanis
1850 1030 2263 1100 concitabant
2302 1028 2435 1099 bel-

367 1138 531 1218 lum.
573 1161 755 1232 reges
783 1154 1007 1206 tamen
1035 1152 1306 1204 autnon
1336 1125 1502 1204 moti
1520 1185 1540 1215 ,
1580 1151 1693 1203 aut
1716 1126 1954 1204 tardius
1986 1137 2156 1202 moti
2181 1128 2347 1206 sunt.

518 1243 689 1312 XIII.
737 1237 938 1310 Nabis
968 1235 1301 1334 extemplo
1346 1242 1519 1308 circa
1565 1261 1794 1308 omnes
1836 1240 2015 1307 vicos
2062 1241 2438 1307 maritimos

373 1339 658 1426 dimisit,
696 1339 778 1415 ad
806 1336 1163 1444 seditiones
1205 1346 1279 1410 in
1325 1345 1407 1412 iis
1445 1335 1843 1412 miscendas:
1883 1357 1947 1408 et
1985 1337 2149 1410 alios
2193 1345 2438 1436 princi·

370 1473 535 1567 pum
571 1441 765 1517 donis
794 1441 875 1515 ad
904 1440 1087 1516 suam
1116 1439 1394 1515 cauffam
1433 1439 1772 1542 perduxit,
1811 1441 1976 1514 alios
2022 1447 2437 1539 pertinaciter

372 1576 443 1621 m
477 1545 779 1622 societate
792 1551 1097 1619 Romana
1124 1567 1460 1620 manentes
1486 1543 1750 1619 occidit.
1832 1550 2110 1618 Achaeis
2128 1552 2439 1619 omnium

371 1658 865 1731 maritimorum
905 1655 1251 1730 Laconum
1293 1647 1691 1722 tuendorum
1732 1679 1769 1721 a
1808 1653 1881 1720 T
1882 1701 1901 1720 .
1931 1652 2250 1748 Qintstio
2288 1657 2438 1724 cura

375 1753 679 1830 mandata
708 1774 857 1829 erat.
905 1753 1505 1855 itaquegextemplo
1548 1774 1609 1826 et
1656 1750 1739 1825 ad
1779 1772 2140 1845 tyrannum
2189 1752 2437 1853 legatos

377 1854 734 1942 miserunt,
792 1865 908 1957 qui
949 1856 1387 1932 admonerent
1423 1852 1712 1930 foederis
1749 1883 1904 1929 eum
1947 1861 2275 1952 Romani,
2335 1854 2438 1928 de-

376 1968 925 2060 nunciarentque,
968 1986 1054 2032 ne
1083 1988 1353 2059 pacem,
1397 1988 1596 2061 quam
1627 1982 1966 2061 tantopere
1990 1957 2264 2059 petiiset,
2311 1980 2437 2033 tur-
2532 2041 2535 2042 ⁷

375 2064 589 2135 haret:
638 2083 700 2135 et
728 2063 973 2137 auxilia
1014 2062 1097 2136 ad
1145 2063 1736 2165 Gythiumrquod
1773 2072 1906 2160 jam
1950 2066 2436 2165 obpugnabatur

375 2195 416 2242 a
441 2186 762 2259 tyranno„
805 2187 867 2238 et
909 2172 1240 2253 Romam,
1286 2175 1402 2269 qui
1440 2195 1516 2240 ea
1560 2174 1976 2252 nunciarent,
2030 2169 2278 2269 legatos
2320 2173 2441 2240 mi·
2476 2165 2495 2169 ’

374 2266 617 2344 serunt.
720 2276 1090 2345 Antiochus
1120 2299 1271 2359 rex,
1310 2299 1386 2344 ea
1429 2277 1653 2345 hieme
1677 2276 1966 2371 Raphiae
2006 2267 2443 2347 ixi-Phoenice

378 2374 763 2449 Ptolemaeo
791 2403 861 2447 re
911 2380 1234 2476 iAegypti
1264 2376 1404 2450 fllia
1419 2381 1489 2447 in
1506 2382 2012 2449 matrimonium
2037 2374 2204 2461 duta,
2234 2404 2440 2479 quum

380 2482 817 2555 Antiochiam
854 2402 921 2551 {-
959 2478 1319 2579 recepisset,
1374 2508 1493 2580 per
1533 2480 1876 2564 Ciliciam,
1930 2484 2166 2554 Tauro
2209 2505 2442 2555 monte

378 2577 716 2680 superam,
758 2603 1057 2656 extremo
1084 2592 1217 2678 jam
1251 2589 1491 2656 hiemis
1525 2581 1862 2683 Ephesum
1905 2591 2242 2683 pervenit:
2287 2582 2441 2657 inde

380 2692 722 2790 principio
751 2693 954 2770 veris,
997 2692 1341 2761 Antiocho
1365 2687 1516 2760 filio
1560 2683 1755 2760 misso
1793 2695 1868 2761 in
1904 2693 2169 2780 Syriam
2209 2685 2297 2760 ad
2335 2716 2441 2763 cus.

378 2786 667 2866 stodiam
693 2788 1075 2864 ultimarum
1103 2797 1385 2891 partium
1429 2799 1653 2890 regni,
1696 2819 1782 2863 ne
1828 2789 2023 2892 quid,
2061 2788 2315 2865 absente
2355 2787 2441 2876 se,

382 2891 463 2965 ab
491 2911 587 2962 ter
633 2918 678 2963 o
714 2914 1125 2977 moveretur,
1166 2890 1303 2993 ipse
1344 2922 1501 2965 cum
1542 2896 1855 2967 omnibus
1894 2893 2291 2970 terrestribus
2336 2922 2443 2969 εον

379 3000 508 3098 piis
538 3022 572 3066 a
649 2991 922 3083 Pisidas,
969 3001 1082 3094 qui
1115 3003 1283 3068 circa
1312 2993 1542 3069 Sidam
1576 2998 1917 3082 incolunt,
1960 2997 2438 3099 obpugnandos

382 3094 474 3167 est
499 3094 851 3194 profectus·
953 3103 1058 3171 Eo
1104 3118 1406 3199 tempore
1445 3099 1641 3200 legati
1681 3105 1991 3176 Romani
2019 3109 2085 3175 Ρ.
2113 3103 2441 3203 Sulpicius

381 3220 448 3272 et
468 3207 537 3292 ¹²)
565 3204 630 3271 Ρ.
649 3197 926 3284 Villius,
978 3207 1093 3301 qui
1118 3201 1629 3279 ad'Antiochum
1661 3203 1856 3293 (ficut
1879 3226 2026 3278 ante
2055 3204 2309 3283 dictum
2324 3205 2444 3302 est)

381 3300 557 3380 miffi
601 3323 817 3388 erant,
858 3301 1215 3406 jusfiprius
1256 3313 1633 3382 Eumenem
1676 3306 1889 3409 aglire,
1942 3311 2214 3384 Elaeam
2257 3337 2444 3384 ven&

381 3433 493 3494 τος
547 3405 704 3481 inde
745 3412 1145 3508 Pergamum
1186 3413 1316 3499 (ibi
1359 3419 1538 3511 regia
1580 3418 1898 3486 Eumenis
1933 3408 2099 3511 fuit)
2146 3410 2444 3513 escqnde-

383 3531 538 3583 runt
564 3519 671 3608 v).
783 3512 1079 3612 Cupidus
1121 3515 1275 3587 belli
1321 3512 1620 3606 adversus⁴
1658 3521 2073 3590 Antiochum
2112 3523 2443 3593 Eumenes

385 3636 553 3700 erat,
599 3642 864 3714 gravem
885 3670 904 3702 ,
947 3615 997 3690 fi
1027 3646 1157 3719 pax
1199 3614 1382 3705 esset,
1425 3617 1727 3693 adcolam
1774 3639 1951 3693 tanto
1992 3621 2442 3721 potentiorein

384 3743 619 3817 regem
652 3717 956 3808 credens3
1000 3719 1344 3807 eumdem,
1385 3721 1437 3797 fi
1479 3743 1743 3797 motum
1785 3724 2037 3797 bellum
2076 3723 2265 3811 esset,
2304 3753 2443 3799 non

386 3829 600 3921 magis
630 3849 855 3921 parem
885 3828 1210 3898 Romanis
1243 3821 1426 3912 fore,
1472 3854 1671 3928 quam
1699 3828 2038 3927 Philippus
2081 3826 2335 3903 fitiffet:
2381 3851 2444 3903 et

386 3945 492 4001 aut·
518 3919 808 4003 funditus
836 3923 1158 4007 sublatum
1186 3936 1303 4006 iri:
1350 3950 1482 4016 aut,
1507 3928 1558 4003 fi
1575 3958 1702 4033 pax
1726 3921 1908 4005 vicio
1927 3928 2205 4019 daretur,
2235 3934 2442 4007 multa

521 4098 527 4103 .
1329 4104 1333 4111 ,
1592 4128 1595 4133 ⁵
1728 4032 1735 4039 ’
2339 4037 2439 4116 illi

457 4159 541 4229 ιι)
574 4158 744 4253 et‘dcl.
772 4161 931 4216 Gran.
964 4165 1102 4221 creo.
1263 4239 1268 4242 ἠ
1523 4167 1604 4244 ν)
1641 4162 1950 4238 escenderat
1972 4171 2137 4229 Grou.
2156 4174 2310 4230 crev.
