2732 4671
385 231 490 316 78
1132 230 1742 292 rr.·1,1‘v11.

382 410 471 483 Et
510 405 862 481 flaminem
902 404 1173 480 Dialem
1219 411 1506 479 invitum
1547 412 1923 507 inaugurari
1946 414 2165 509 coegit
2191 412 2261 482 P.
2289 411 2456 482 Lici-

384 518 533 587 nius
561 507 864 612 pontifex
897 515 1223 584 maximus
1252 516 1327 584 G.
1361 510 1702 584 Valerium
1743 512 2070 585 Flaccum.
2173 516 2459 586 Decem-

383 622 491 690 vir.
516 612 705 689 sacris
732 612 1062 687 faciundis
1091 636 1336 688 creatus
1368 616 1698 688 inlocum
1730 621 2074 716 QMucii
2110 617 2462 689 Scaevolae

385 719 720 794 demortui
764 724 840 792 C.
872 724 1220 792 Laetorius.
1270 768 1275 781 =
1359 716 1663 793 Cauffam
1692 726 2070 819 inaugurari
2112 723 2322 794 coat‘ti
2354 720 2462 793 fla·

384 831 587 899 minis
616 825 826 895 libens
857 819 1281 906 reticuiffem‚
1325 830 1398 895 ni
1427 851 1506 896 ex
1538 823 1709 897 mala
1735 819 1913 897 fama
1945 831 2017 895 in
2046 826 2293 897 bonam
2319 853 2461 897 ver-

384 923 566 1001 tiffet.
718 929 828 1000 Ob
868 923 1379 1009 adolescentiam
1423 927 1886 1029 neglegentem
1927 925 2461 1029 luxuriosamque

388 1037 470 1105 C.
514 1031 778 1105 Flaccus
814 1021 1062 1103 flamen
1104 1052 1324 1130 captus
1362 1062 1399 1103 a
1427 1037 1493 1104 P.
1523 1032 1785 1106 Lieinio
1813 1031 2134 1131 pontifice
2160 1040 2460 1104 maximo

388 1150 541 1221 erat‚'
574 1140 644 1206 L.
676 1132 914 1208 Flacco
943 1129 1129 1206 fratri
1144 1160 1468 1233 germano
1496 1133 1916 1237 cognatisque
1941 1136 2081 1209 aliis
2110 1137 2200 1207 ob
2227 1134 2464 1235 eadem

282 1326 287 1331 f
385 1246 543 1314 vitia
571 1233 836 1312 invisus.
981 1239 1079 1321 Is,
1122 1257 1196 1310 ut
1221 1242 1537 1310 animum
1569 1248 1701 1333 ejus
1727 1268 1878 1311 cura
1908 1236 2333 1313 sacrorumet
2366 1268 2468 1325 ce-

382 1346 840 1417 remoniarum
873 1347 1081 1439 cepit,
1113 1348 1199 1413 ita
1233 1362 1498 1439 repente
1529 1351 1703 1415 exuit
1735 1351 2040 1443 antiquos
2083 1370 2343 1429 mores,
2390 1363 2462 1417 ut

387 1472 595 1519 nemo
632 1464 776 1527 ,tota
821 1450 882 1540 t)
920 1452 1269 1546 ,juventute
1312 1446 1657 1519 haberetur
1677 1452 1900 1545 prior,
1951 1475 2077 1518 nec
2121 1454 2464 1545 probatior

262 1602 268 1613 -
384 1549 792 1650 primoribus
835 1552 1132 1632 Panum,
1182 1543 1309 1620 suis
1343 1556 1582 1647 pariter
1611 1545 2001 1650 alienisque,
2047 1552 2213 1622 esset.
2318 1558 2459 1622 Hu-

384 1660 483 1750 jus
508 1647 724 1724 famae
752 1646 1067 1728 consensu
1095 1650 1293 1723 elatus
1320 1651 1402 1724 ad
1431 1651 1661 1746 justam
1689 1649 1999 1725 fiduciam
2028 1651 2162 1739 sui,
2203 1680 2345 1725 rem
2365 1661 2461 1726 in-

386 1752 741 1829 termifl'am
781 1782 905 1854 per
946 1755 1199 1829 multos·
1236 1774 1444 1828 annos
1475 1758 1564 1829 ob
1608 1754 2076 1856 indignitatem
2101 1756 2457 1831 flaminum

380 1866 689 1961 priorum
719 1864 1054 1958 repetivit,
1092 1865 1268 1932 utin
1297 1856 1495 1932 senati
1637 1866 1949 1933 'ntroiret.
2095 1857 2460 1961 Ingressum

388 1991 546 2037 eum
591 1969 842 2036 curiam
888 1990 1097 2063 quum
1137 1968 1208 2036 L.
1250 1969 1545 2038 Licinius
1643 1985 1858 2037 raetor
1910 1960 2071 2037 inde
2121 1960 2462 2053 eduxisset,
2549 1986 2595 2013 ι·

384 2069 683 2142 tribunos
710 2065 924 2166 plebis
959 2062 1310 2166 adpellavit
1329 2067 1597 2173 flamen.
1687 2068 2087 2171 *QVetustum
2127 2076 2222 2164 jus
2263 2065 2460 2142 sacer-

382 2171 557 2246 ‹lotii-
596 2173 952 2271 repetebat:
1015 2168 1356 2245 datumid
1397 2200 1556 2246 cum
1598 2192 1752 2272 toga
1787 2194 2146 2272 praetexta,
2206 2193 2269 2245 et
2308 2170 2466 2246 sella

448 2318 451 2325 ·
576 2281 598 2301 ”
760 2270 1262 2378 ,flaminioxesse
1360 2272 1661 2362 Praeton
1705 2302 1847 2350 non
1892 2277 2169 2370 exoletis
2198 2277 2462 2351 vetusta·

384 2401 452 2458 te
695 2386 713 2400 ⁶
850 2378 1199 2482 exemplis
1239 2380 1402 2455 stare
1442 2388 1572 2478 jus,
1612 2378 1727 2454 sed
1769 2380 2236 2480 recentissimae
2268 2378 2464 2478 cujus·

386 2469 518 2587 que
556 2479 1049 2559 consuetudinis
1078 2481 1242 2571 usu,
1293 2486 1589 2559 volebat:
1634 2514 1760 2559 nec
1796 2508 2098 2585 patrum,
2149 2513 2272 2561 nec
2311 2513 2465 2560 avo-

383 2597 541 2665 rum
572 2595 901 2663 memoria
926 2587 1196 2659 Dialem
1226 2613 1632 2688 quemquam
1662 2587 1733 2658 id
1763 2596 1861 2681 jus
1883 2587 2222 2684 usurpass'e.
2309 2595 2463 2662 Tri·

383 2696 543 2771 huni
567 2747 590 2777 ‚
642 2719 787 2765 rem
817 2696 1052 2764 inertia
1088 2688 1442 2762 flaminum
1486 2689 1892 2762 obliteratam
1944 2689 2127 2786 ipsis,
2186 2717 2329 2762 non
2375 2691 2466 2764 sa·
2579 2745 2582 2754 ι

391 2792 733 2880 cerdone,
774 2791 1026 2866 damno
1055 2787 1275 2877 fuiffe‚
1317 2818 1526 2892 quum
1558 2817 1840 2891 aequum
1869 2787 2293 2875 censuissent,
2372 2822 2459 2866 ne

385 2896 535 3000 ipso
581 2895 856 2998 quidem
906 2915 1133 2969 contra
1176 2891 1482 2967 tendente
1496 2914 1852 2994 opt-aetem,
1892 2921 2140 2993 magno
2184 2891 2460 2968 adsensu
2544 2909 2550 2920 ’

387 3007 653 3079 Patrum
681 2996 1048 3101 plebisque,
1086 2997 1434 3088 flaminem
1463 3006 1538 3072 in
1578 2993 1872 3070 senatum
1912 2994 2456 3089 introduxerunt3

386 3106 705 3180 omnibus
739 3111 826 3178 ita
854 3103 1403 3189 existimantibus,
1444 3108 1661 3204 magis
1684 3098 2011 3178 sanditate
2040 3110 2228 3189 vitae,
2263 3132 2464 3207 quam

389 3206 736 3294 sacerdotii
759 3216 932 3306 jure,
976 3235 1124 3282 rem
1154 3235 1301 3302 eam
1328 3206 1674 3312 flaminem
1715 3203 2073 3281 obtinuisse.
2213 3205 2464 3282 Confir-

386 3316 486 3393 les
509 3319 729 3412 prim,
770 3329 970 3412 qu'am
999 3320 1074 3387 in
1106 3320 1484 3413 provincias
1508 3320 1717 3397 irent,
1757 3310 1911 3388 duas
1942 3316 2211 3387 urbanas
2254 3315 2461 3414 legio·

391 3444 548 3506 nes;
586 3425 657 3491 in
694 3414 1259 3517 supplementum,
1312 3438 1628 3520 quantum
1663 3444 1828 3517 opus
1859 3439 2002 3491 erat
2028 3424 2253 3491 ceteris
2282 3445 2462 3498 exer·

391 3525 627 3596 citibus
671 3523 998 3607 militum,
1049 3519 1454 3623 scripserunt.
1568 3524 1917 3596 Urbanum
1960 3542 2252 3596 veterem
2279 3547 2462 3593 exer-

388 3633 598 3700 citum
625 3625 887 3699 Fulvius
912 3623 1147 3700 consul
1180 3632 1257 3700 C.
1290 3628 1526 3701 Fulvio
1557 3628 1791 3701 flacco
1832 3626 2050 3728 legato
2089 3622 2310 3714 (frater
2350 3631 2467 3700 hic

388 3726 871 3830 consulieerat)
900 3736 973 3803 in
1013 3736 1345 3806 Etruriam
1378 3730 1556 3805 dedit
1581 3727 1997 3818 ducendum,
2040 3747 2104 3805 et
2140 3729 2464 3830 legiones,

319 3879 347 3892 α
393 3862 561 3937 quae
593 3839 666 3907 in
693 3837 955 3907 Etruria
986 3854 1196 3919 erant,
1246 3838 1543 3912 Romam
1570 3832 1998 3932 deducendas.
2097 3838 2184 3907 Et
2227 3837 2459 3908 Fabius
2525 3897 2532 3902 ,

391 3935 627 4013 consul
650 3937 954 4041 reliquias
1006 3944 1323 4016 exereitus
1371 3941 1675 4020 Fulviani
1703 3935 2092 4041 conquifitas
2124 3934 2337 4029 (fuere
2352 3965 2458 4010 au·

1567 4077 1572 4080 -
2313 4060 2464 4142 tem

398 4151 403 4162 ⁵
460 4170 520 4244 t)
544 4174 603 4229 in
629 4184 728 4228 ma
751 4176 916 4231 Gron.
942 4178 1090 4232 Crev.

710 4321 743 4358 Ο
