2732 4671
638 244 641 247 ’
790 245 1328 319 ntn,xxx1x
1421 247 1782 294 CAP.1.v
2155 240 2310 314 793

407 418 542 488 LV.
581 416 833 511 Legatis
880 413 1203 483 Romanis
1252 404 1678 507 Transalpini
1746 407 1981 509 populi
2025 410 2311 511 benigne
2385 402 2396 413 ’

269 513 759 617 responderunt.
807 510 1089 585 seniores
1119 539 1351 586 eornm
1378 520 1658 586 nimiam
1699 512 2034 595 lenitatem
2074 516 2310 612 populi

272 626 559 696 Romani
606 617 1023 717 castig-arunt:
1099 619 1294 712 Quod
1332 630 1446 690 σοι·
1477 619 1792 700 homines,
1831 621 1939 714 qui
1960 624 2184 715 gentis
2213 624 2314 693 in·
2375 644 2380 651 ⁴

258 724 439 826 juſju
466 724 757 819 profiffl
803 746 1113 814 occupare
1163 747 1399 819 agrum
1444 725 1698 815 imperii
1735 725 2065 804 Romani,
2132 737 2192 793 et
2239 727 2312 797 iu

274 836 488 902 alieno
513 826 661 922 Jblo
705 825 1042 918 aedificare
1084 830 1386 919 oppidum
1420 829 1632 897 conati
1639 826 1788 924 stat
1816 827 1935 916 Β),
1977 829 2318 919 inpunitos

275 930 655 1024 dimiserint.
756 924 1059 1024 Debuiffe
1093 955 1364 1027 gravem
1403 933 1783 1001 temeritatis
1818 932 2155 1001 mercedem
2175 929 2318 1024 sta·
2417 1006 2420 1009 Α

277 1040 393 1109 tui.
434 1038 607 1132 quod
632 1058 783 1105 vero
819 1031 1156 1127 ctiamsua
1182 1035 1633 1118 reddiderint,
1695 1035 1942 1115 vereri,
1998 1059 2082 1104 ne
2125 1049 2318 1107 tanta

278 1142 693 1236 indulgentia
718 1142 957 1230 plures
1004 1140 1095 1207 ad
1121 1140 1286 1208 talia
1323 1139 1620 1209 audenda
1660 1138 2124 1229 inpellantur.'
2235 1143 2321 1210 Et
2417 1161 2438 1171 ‘

279 1260 711 1341 exceperunt,
763 1258 824 1310 et
864 1235 1184 1338 prosecuti
1229 1266 1383 1311 curn
1412 1235 1606 1311 donis
1633 1237 1880 1337 legatos
1905 1234 2067 1325 sunt.
2215 1244 2322 1314 M.

281 1342 588 1419 Claudius
632 1340 897 1427 consul,
939 1338 1141 1415 Gallis
1186 1369 1265 1414 ex
1301 1348 1649 1442 provincia
1695 1336 1969 1427 exatstis,
2025 1349 2052 1414 1
2133 1348 2327 1417 fcum

279 1450 532 1522 bellum
573 1447 797 1520 moliri
839 1452 1091 1545 coepit,
1146 1446 1352 1519 literis
1392 1443 1469 1518 ad
1500 1442 1791 1520 senatum
1823 1444 2064 1531 miffis,
2206 1446 2328 1525 fibi

283 1558 355 1625 in
385 1551 636 1623 istriam
666 1547 998 1622 traducere
1021 1551 1316 1650 legiones
1344 1551 1592 1623 liceret.
1690 1546 1766 1621 Id
1797 1544 2038 1635 senatui
2065 1551 2328 1650 placuit.

184 1668 195 1677 “
283 1655 456 1728 Illud
499 1656 852 1754 agitabant,
910 1659 1002 1725 uti
1040 1654 1307 1726 colonia
1349 1654 1647 1754 Aquileia
1703 1649 2145 1727 deduceretur.
2200 1683 2328 1730 nec

283 1755 426 1832 satis
455 1757 803 1840 conflabat,
840 1776 1063 1828 utrum
1089 1762 1412 1842 Latinam,
1450 1786 1534 1830 an
1559 1762 1812 1830 civium
1840 1760 2354 1853 Romanorum,-

264 1859 523 1936 'deduci
568 1860 860 1962 placeret.
906 1860 1244 1960 postremo
1280 1866 1581 1934 Latinam
1611 1867 1829 1960 potius
1856 1859 2196 1934 coloniam
2228 1862 2337 1936 de-

285 1963 653 2039 ducendam
686 1969 893 2037 Patres
921 1961 1324 2039 censuerunt.
1424 1968 1801 2037 Triumviri
1845 1972 2038 2038 creati
2079 1963 2224 2038 sunt
2263 1971 2333 2040 P.

288 2074 512 2168 Scipio
541 2064 805 2150 Nassca,
853 2072 929 2138 C.
969 2068 1364 2152 flaminius,
1409 2073 1476 2139 L.
1507 2068 1803 2140 Manlius
1832 2066 2164 2142 Acidinus.
2207 2074 2335 2144 Eo·

292 2169 449 2244 dem
486 2196 663 2243 anno
707 2173 1080 2271 Mutina4et
1116 2176 1350 2243 Parma
1394 2170 1698 2243 coloniae
1735 2175 2206 2247 Romanorum
2245 2181 2334 2248 ci-

294 2281 481 2349 vium
508 2270 652 2346 sunt
680 2269 1005 2345 deductae.
1049 2274 1199 2347 bina
1220 2272 1439 2346 -millia
1468 2278 1828 2347 hominum
1860 2282 1933 2346 in
1968 2300 2164 2376 agre,
2222 2283 2337 2379 qui
2385 2365 2388 2368 ‚

291 2385 600 2481 proxime
630 2382 982 2471 Bojorum,
1028 2398 1176 2450 ante
1203 2372 1857 2461 Tuscorumfuerat,
1902 2381 2142 2451 octona
2167 2374 2341 2482 jnge-

296 2511 369 2555 ra
394 2487 681 2566 Parmae,
708 2487 902 2581 quina
928 2483 1231 2555 Mutinae
1268 2496 1669 2583 acceperunt.
1767 2478 2196 2555 Deduxerunt
2233 2490 2341 2557 tri·

296 2591 541 2659 umviri
586 2588 688 2658 M.
729 2583 1052 2657 Aemilius
1093 2582 1411 2685 Lepidus„
1465 2587 1558 2658 T.
1607 2585 1918 2658 Aebutius
1962 2590 2199 2672 CaruS,
2271 2593 2345 2662 L.

303 2691 650 2789 Qincstius
680 2684 1033 2786 Crispinus.
1178 2694 1263 2761 Et
1305 2693 1604 2762 Saturnia*
1629 2689 1898 2762 colonia
1926 2696 2176 2764 civium
2205 2695 2343 2768 Ro·
2439 2737 2454 2758 .

298 2820 651 2866 manorum
679 2797 749 2872 in
777 2817 1007 2891 agrum
1033 2790 1456 2865 Caletranum
1487 2792 1576 2864 est
1607 2789 1898 2866 deducta.
1941 2790 2352 2876 deduxerunt

303 2899 629 2972 triumviri
665 2896 1008 2995 QFabius
1033 2899 1272 2981 Labe0,
1316 2900 1394 2968 C.
1427 2893 1733 2969 Afranius
1757 2896 2011 2983 Stellio,
2025 2900 2141 2970 Ti.
2169 2903 2353 2974 Sem·

302 3007 579 3102 pronius
618 3003 967 3072 Gracchus.
1003 3005 1223 3099 jugera
1251 3006 1321 3072 in
1343 2996 1636 3101 fingulos
1664 2996 1806 3073 data
1839 2997 2090 3074 decem.

352 3111 353 3114 ’
448 3106 626 3177 LVI.
661 3098 922 3176 Eodem
951 3130 1128 3176 anno
1155 3108 1237 3176 A.
1279 3101 2035 3204 Terentiusproconsul
2059 3103 2135 3202 ¹¹)
2173 3102 2350 3180 haud

310 3206 545 3310 procul
587 3204 864 3280 flumine
905 3208 1129 3293 Ibero,
1184 3213 1256 3279 in
1287 3233 1445 3308 agro
1488 3204 1847 3294 AusetanO,
1886 3230 1948 3283 et
1975 3209 2229 3310 proelia
2266 3207 2353 3283 se·
2391 3217 2396 3224 '
2458 3253 2480 3276 .

311 3307 519 3386 cunda
560 3338 712 3383 cum
757 3309 1099 3382 Celtiberis
1140 3305 1335 3394 fecit,
1402 3331 1466 3384 et
1504 3307 1781 3409 oppida,
1829 3340 1995 3413 quae
2042 3315 2134 3385 ibi
2174 3340 2356 3386 com·

314 3417 721 3498 munierant,
759 3411 842 3485 ali
889 3432 1007 3484 uot
1044 3419 1454 3514 expugnavit.
1581 3414 1878 3486 Ulterior
1912 3411 2231 3514 Hispania
2271 3442 2358 3500 eo

315 3544 494 3592 anno
535 3524 610 3590 in
649 3543 808 3616 pace
846 3440 1017 3600 luit,
1075 3523 1221 3617 quia
1268 3536 1330 3587 et
1355 3521 1424 3588 P.
1455 3519 1882 3614 Sempronius
1959 3516 2356 3618 roconsulf)

318 3621 573 3698 diutino
606 3621 845 3693 morbo
878 3617 968 3692 est
995 3618 1349 3717 inplicitus,
1389 3639 1474 3704 et,
1512 3544 2083 3706 nullo‘lacessgnte,
2125 3649 2357 3725 perop-
2473 3645 2482 3658 ³

316 3746 600 3828 portune
627 3729 1011 3823 quieverunt
1034 3720 1334 3796 Lufitani.
1435 3726 1580 3797 Nec
1605 3731 1674 3796 in
1714 3726 2057 3824 Liguribus
2101 3754 2359 3800 memo-

319 3831 522 3912 rabile
547 3823 899 3931 quidquam
923 3855 961 3901 a
987 3828 1299 3928 QFabio
1329 3823 1598 4003 engilgile
1626 3827 1899 3928 gestum.
1937 3833 2040 3904 M.
2082 3833 2364 3908 Marcel·

816 3957 827 3970 ·
1314 3933 1383 4004 D
1557 3957 1594 4020 ς
2239 3937 2364 4023 lus,

391 4098 476 4240 {3
494 4096 613 4164 sm
643 4100 807 4153 Gron-
839 4099 991 4152 Crev-
1322 4096 1383 4170 i)
1410 4111 1689 4167 propraetor
1719 4101 1885 4157 Gron.
1916 4105 2066 4159 Crev-

495 4180 773 4234 γυμνασίαν
801 4167 967 4224 Gron·
1000 4169 1148 4225 Crev-
1208 4202 1216 4206 -
