2732 4671
706 219 1175 293 tunxxvi
1277 200 1874 272 car.'xxxv11
2200 224 2306 294 47

114 452 119 455 .
220 414 417 489 qnam
438 385 711 483 serves.
784 404 791 409 ’
850 390 932 458 In
978 388 1140 459 haec
1184 372 1365 459 tanto
1392 382 1622 460 animo
1651 383 2039 461 consensum
2072 387 2196 474 est,
2234 409 2309 463 ut

301 500 464 565 atiae
492 490 678 563 ultro
711 486 1085 562 consulibus
1112 511 1468 589 agerentur.
1510 488 1729 563 senatu
1754 490 1908 567 inde
1935 489 2149 579 misso,
2177 520 2304 595 pro

246 622 291 667 e
333 592 604 698 quisque
648 620 926 679 aurum,
981 616 1325 694 argentum
1370 615 1431 668 et
1470 622 1574 668 aes
1615 603 1689 668 in
1714 597 2056 693 publicum
2083 593 2306 670 confe-
2345 616 2349 621 ’
2399 642 2404 651 ae

214 722 419 785 runt,
479 718 662 770 tanto
719 703 1074 770 certamine
1114 700 1392 791 injecto,
1454 720 1526 772 ut
1576 707 1795 799 prima
1831 707 2000 773 inter
2049 696 2304 803 primos

218 808 518 877 nbmina
547 799 655 874 sua
681 795 931 874 vellent
954 809 1026 873 in
1052 803 1328 900 publicis
1354 802 1581 875 tabulis
1604 799 1764 890 effe3
1806 826 1877 875 ut
1911 832 2031 877 nec
2076 813 2304 878 trium·

214 914 359 981 viri
388 901 799 1005 accipiund0‚
825 931 948 977 nec
974 901 1219 978 scribae
1247 902 1609 979 referundo
1642 904 2048 993 subficerent.
2097 912 2308 982 Hune

220 1007 625 1083 consensum
657 1006 902 1082 senatus
931 1008 1219 1110 equester
1246 1007 1420 1083 ordo
1450 1010 1542 1082 est
1563 1008 1845 1084 secutus:
1876 1009 2304 1113 equestrisor-

225 1113 446 1199 dinis,
505 1114 748 1214 plebeS.
789 1119 882 1186 Ita
911 1111 1049 1185 fine
1081 1110 1336 1199 ediet0.
1381 1112 1519 1188 fine
1546 1121 1945 1189 coercitione
1972 1113 2311 1215 magistra-

221 1239 366 1304 ωε,
403 1243 535 1290 nec
574 1224 824 1316 remige
861 1223 934 1288 in
976 1213 1542 1319 supplementum,
1584 1247 1706 1293 nec
1736 1217 2066 1318 stipendio
2094 1214 2310 1321 respu·
2362 1264 2368 1269 ·

220 1323 407 1394 blica
450 1328 662 1421 eguit:
715 1317 1069 1496 paratisque
1110 1324 1418 1395 omnibus
1461 1320 1542 1396 ad
1575 1323 1860 1411 bellum,
1902 1318 2201 1396 consules
2231 1330 2306 1398 in

214 1429 607 1527 provincias
628 1421 917 1524 profedii
974 1447 1107 1498 unt.
1809 1464 1812 1465 ⁷

371 1533 700 1602 XXXVII.
755 1534 986 1629 Neque
1028 1523 1205 1605 aliud
1244 1535 1458 1630 magis
1486 1547 1740 1629 tempus
1779 1529 1937 1603 belli
1963 1526 2125 1617 fuit,
2166 1555 2304 1633 quo

222 1630 795 1733 Karthaginienses
825 1636 1242 1733 Romanique
1268 1641 1512 1732 pariter
1548 1641 1742 1707 variis
1774 1632 2018 1718 casibus
2057 1641 2301 1708 inmix-

228 1743 307 1810 tis
342 1745 564 1838 magis
609 1744 684 1809 in
712 1743 982 1836 ancipiti
1031 1734 1142 1835 spe
1171 1765 1247 1807 ac
1276 1759 1458 1809 metu
1485 1731 1748 1810 fuerint.
1850 1742 2029 1810 Nam
2054 1736 2302 1811 Roma-

232 1848 327 1916 nis
354 1864 419 1915 et
445 1849 524 1915 in
553 1838 954 1942 provinciiS,
998 1845 1160 1913 hinc
1187 1847 1259 1913 in
1293 1838 1614 1939 Hispania
1642 1838 1939 1915 adversae
1976 1868 2112 1928 ree,
2140 1847 2304 1916 hinc

226 1942 571 2044 prosperae
610 1952 690 2017 in
734 1944 990 2030 Sicilia,
1049 1945 1303 2017 lustum
1333 1967 1397 2018 et
1433 1945 1747 2017 laetitiam
1776 1943 2195 2019 miscuerant:
2234 1965 2308 2021 εἰ

230 2054 309 2120 in
342 2049 561 2133 Italia,
628 2076 842 2151 quum
882 2048 1250 2120 Tarentum
1308 2045 1614 2122 amissum
1666 2045 1914 2124 damno
1954 2069 2017 2122 et
2056 2047 2301 2134 dolori,

236 2170 384 2223 tum
408 2179 517 2223 arx
542 2181 693 2224 cum
721 2149 1043 2252 praefidio
1072 2172 1316 2225 retenta
1359 2173 1612 2253 praeter
1639 2149 1820 2252 spem
1850 2150 2098 2254 gaudio
2141 2149 2302 2227 fuit:

234 2275 301 2326 et
326 2276 647 2329 terrorem
685 2252 978 2329 subitum
1022 2283 1468 2359 pavoremque
1506 2258 1678 2329 urbis
1721 2262 1979 2329 Romae
2019 2250 2302 2353 bbsess'ae

232 2381 296 2433 et
343 2362 750 2460 obpugnat-ae
797 2366 1025 2459 Capua
1063 2360 1210 2459 post
1241 2357 1378 2432 dies
1404 2387 1650 2459 paucos
1678 2382 1857 2457 capta
1885 2369 1956 2431 in
1982 2361 2301 2433 laetitiam

227 2471 448 2536 vertit.
551 2462 1056 2538 Transmarinae
1083 2488 1345 2563 quoque
1375 2489 1474 2536 res
1495 2457 1787 2563 'quadam
1818 2468 1962 2533 vice
1989 2460 2302 2563 pensatae.

229 2566 584 2666 Philippus
625 2568 816 2641 hostis
858 2587 1162 2667 tempore
1202 2563 1377 2640 haud
1416 2561 1563 2639 satie
1624 2589 1666 2636 o
1714 2588 2007 2665 portuno
2060 2561 2305 2655 fastusg,

224 2672 457 2745 Aetoli
486 2679 645 2744 novi
670 2670 897 2745 adsciti
924 2669 1126 2757 socii,
1170 2666 1548 2771 Attalusque
1577 2673 1637 2742 A
1668 2696 1769 2742 1ae
1793 2694 1944 2756 teir,
2017 2678 2153 2767 jam
2200 2699 2305 2744 ve·

223 2765 345 2858 lut,
374 2773 827 2879 despondente
887 2771 1152 2848 fortuna
1222 2778 1547 2848 Romanis
1594 2780 1950 2874 imperium
2010 2781 2304 2874 orientis.

219 2878 795 2981 Karthaginienses
842 2907 1104 2982 quoque
1142 2883 1439 2980 Capuam
1477 2874 1774 2951 amilsam
1815 2891 1895 2958 et
1924 2881 2300 2954 Tarentum

224 3005 493 3084 mptum
541 2986 930 3085 aequabant:
998 3005 1096 3068 et,
1156 3003 1227 3055 ut
1268 2981 1350 3058 ad
1402 2990 1667 3056 moenia
1708 2983 1885 3055 urbis
1950 2987 2300 3057 Romanae

221 3089 412 3161 nullo
456 3089 857 3187 prohibente
898 3083 962 3159 se
1003 3081 1370 3188 pervenisse
1410 3091 1485 3157 in
1527 3086 1745 3186 gloria
1786 3088 2154 3185 ponebant,
2201 3079 2303 3160 'ita

221 3196 492 3292 pigebat
520 3199 689 3265 irriti
718 3198 964 3292 incepti
980 3218 1000 3278 3
1048 3187 1459 3290 pudebatque
1485 3188 1651 3263 adeo
1680 3185 1744 3261 se
1771 3188 2052 3289 spretos.,
2092 3205 2187 3275 ut.
2212 3188 2318 3263 se?

219 3293 531 3368 dentibus
572 3294 726 3395 ipsis
764 3293 850 3368 ad
894 3298 1201 3367 Romana
1240 3300 1546 3379 moenia,
1597 3291 1722 3364 alia
1765 3314 1955 3391 porta
1985 3301 2299 3367 exercitus

216 3401 571 3472 Romanus
593 3406 665 3471 in
691 3395 1081 3500 Hispaniam
1112 3395 1465 3470 duceretur.
1568 3391 1745 3495 Ipsae
1775 3423 2036 3496 quoque
2067 3393 2303 3494 Hispa·

223 3510 406 3590 niae,
460 3530 600 3603 quo
633 3512 910 3606 propius
932 3498 1117 3603 spem
1143 3509 1476 3586 venerant,
1522 3505 1709 3570 tantis
1740 3497 1991 3570 duobus
2025 3493 2300 3574 ducibus

228 3603 745 3708 exercitibusque
798 3603 1027 3691 caelia,
1069 3602 1469 3678 debellatum
1520 3605 1649 3688 ibi,
1693 3629 1769 3674 ac
1844 3599 2064 3706 pulsos
2144 3602 2303 3702 inde

232 3709 575 3784 Romanos
605 3707 768 3799 ess'e3
813 3738 894 3785 eo
922 3709 1108 3809 plus,
1151 3711 1228 3781 ab
1252 3714 1329 3782 L.
1357 3712 1623 3780 Marcio
1662 3707 2089 3782 tumultuario
2132 3706 2302 3782 duce

226 3806 320 3882 ad
365 3839 601 3885 vanum
645 3834 709 3886 et
750 3821 1011 3887 irritum
1044 3813 1398 3909 victoriam
1429 3807 1756 3884 redadlam
1794 3807 1951 3897 effe,
2002 3809 2304 3911 indigna·

188 3921 438 3988 ·tionis
489 3920 892 4015 praebebant.
941 3926 1010 4015 ⁸)
1112 3922 1227 4012 Ita*
1260 3933 1573 4019 aequante
1646 3909 1951 4000 fortuna,
2001 3911 2301 4013 suspensa

2065 4027 2296 4095 omnia

277 4151 349 4222 a)
374 4152 635 4220 praebebat
657 4155 1010 4233 (ἔτυμα-αν.
