2732 4671
1683 94 1708 127 ἱ

893 228 1241 277 ιιικῐ.
1346 226 1663 274 canv
1845 220 1896 227 ”
2141 226 2299 295 799

238 395 434 472 sumti
473 392 888 469 semianimes
918 420 955 464 e
982 418 1147 465 nave
1171 397 1693 492 praecipitantur.
1732 388 1867 490 ipsa
1897 389 2169 476 deinde,
2210 400 2304 466 vi·

241 531 392 575 rum
440 507 763 572 comitem
808 504 1041 569 mortis
1086 486 1467 594 complexa„
1540 503 1612 567 in
1666 523 1850 569 mare
1887 493 2018 568 sese
2061 495 2301 591 dejecit.

245 634 415 679 nave
440 631 640 675 vacua
673 600 965 693 dominis
994 608 1157 701 regii
1192 606 1385 699 potiti
1412 597 1573 671 sunt.

392 713 474 779 V.
517 711 734 800 Hujus
759 712 1051 777 atrocitas
1096 701 1408 776 facinoris
1453 730 1696 774 novam
1741 701 1916 781 velut
1958 700 2302 799 flammam

246 818 419 909 regis
463 807 753 883 invidiae
799 808 1069 903 adjecit,
1128 829 1199 880 ut
1260 807 1464 906 vulgo
1510 804 1724 905 ipsum
1761 803 2131 907 liberosque
2173 815 2303 907 ejus

245 911 738 987 exsecrarentur.
792 940 956 1013 quae
984 910 1162 984 dirae
1192 915 1372 983 brevi
1397 912 1474 983 ab
1503 912 1816 983 omnibns
1854 913 2003 982 Diis
2048 909 2301 984 exaudi·

245 1039 380 1101 tae,
446 1040 515 1089 ut
568 1013 835 1089 saeviret
891 1011 1023 1114 ipse
1078 1023 1148 1087 in
1202 1006 1390 1091 sudm
1447 1010 1866 1114 sanguinem,
1932 1010 2304 1089 effecerunt.

246 1118 505 1195 Perseus
532 1128 756 1204 enim,
797 1148 997 1220 quum
1031 1127 1097 1190 in
1120 1116 1266 1190 'dies
1298 1125 1506 1217 magis
1540 1138 1829 1190 cerneret
1866 1112 2167 1191 favorem
2213 1118 2308 1193 di-

246 1232 691 1325 gnitatemque
726 1220 1048 1296 Demetrii
1083 1219 1290 1293 fratris
1325 1221 1494 1320 apud
1522 1220 1975 1294 Macedonum
2022 1223 2306 1297 multitu·

249 1326 480 1402 dinem
525 1324 843 1410 crescere,
895 1349 957 1398 et
993 1333 1265 1427 gratiam
1311 1323 1484 1425 apud
1524 1330 1906 1409 RomanOS,
1950 1323 2071 1397 fibi
2117 1323 2309 1425 spem

250 1432 505 1506 nullam
560 1437 747 1531 regni
807 1426 1157 1529 supereffe,
1217 1427 1335 1501 nifi
1392 1436 1462 1501 in
1514 1426 1794 1513 scelere,
1851 1450 2055 1514 ratim,
2100 1429 2181 1502 ad
2235 1426 2309 1503 id

246 1563 459 1613 unum
486 1561 718 1607 omnes
750 1541 1172 1633 cogitationes
1204 1530 1500 1606 intendit.
1548 1557 1833 1605 ceterum
1861 1546 2065 1634 quum
2114 1532 2178 1605 se
2220 1562 2306 1608 ne

245 1636 433 1712 adid
460 1638 769 1740 quidem,
859 1636 993 1710 uod
1015 1637 1322 1711 muliebri
1350 1630 1676 1736 cogitabat*
1702 1645 1966 1719 animm
2007 1633 2149 1709 satis
2191 1664 2308 1737 per

247 1740 316 1816 se
357 1739 649 1816 validum
693 1667 1015 1825 crederet,
1086 1738 1376 1839 singulos
1421 1747 1789 1812 amicorum
1841 1747 2030 1839 patris
2067 1761 2311 1813 tentare

247 1842 658 1919 sermonibus
702 1845 1028 1943 perplexis
1075 1845 1341 1915 institit.-
1384 1864 1447 1915 et
1505 1850 1732 1942 primo
1781 1842 2052 1944 quidam
2095 1872 2174 1916 ex
2206 1850 2310 1919 his

248 1947 770 2050 adspernantium
803 1948 930 2046 tale
962 1944 1322 2047 quidquam
1348 1944 1632 2045 speciem
1666 1948 2122 2045 praebuerunt,
2166 1954 2313 2049 quia

250 2053 400 2152 plus
446 2060 518 2123 in
554 2057 900 2123 Demetrio
942 2047 1077 2148 spei
1121 2052 1469 2149 ponebant.
1539 2047 1812 2135 deinde,
1868 2048 2188 2124 crescente
2236 2060 2312 2125 in

254 2154 393 2226 dies
425 2153 710 2251 Philippi
739 2151 901 2224 odio
943 2159 1014 2223 in
1044 2159 1424 2236 Romanos,
1474 2161 1578 2224 cui
1624 2152 1882 2228 Perseus
1924 2154 2311 2255 indulgeret,
2393 2231 2410 2245 ς

234 2260 632 2335 ‚Demetrius
678 2253 935 2328 summa
987 2279 1115 2355 ope
1136 2251 1622 2342 adversaretur,
1669 2254 2130 2358 prospicientes
2176 2268 2311 2332 ani·

258 2387 382 2435 mo
425 2368 674 2434 exitum
715 2365 954 2432 incauti
995 2387 1031 2430 a
1071 2354 1298 2432 fraude
1344 2355 1621 2432 fraterna
1662 2369 1948 2454 juvenis,
2011 2361 2315 2454 adjuvan.-

255 2464 458 2550 dum,
497 2460 672 2566 quod
702 2458 991 2535 futurum
1031 2483 1198 2547 erat,
1242 2469 1401 2546 rati,
1440 2458 1933 2564 fovendamque
1970 2460 2153 2564 spem
2194 2493 2313 2564 po·

254 2576 590 2651 tentioris.,
632 2563 858 2640 Perseo
901 2562 965 2638 se
1004 2564 1381 2665 adjungunt.
1425 2586 1644 2639 cetera·
1671 2574 1744 2639 in
1783 2564 1971 2640 suum
2021 2596 2315 2670 quaeque

251 2694 512 2769 tempus
544 2667 792 2771 agenda
815 2664 1142 2743 differunt.
1190 2677 1261 2742 in
1293 2665 1646 2771 praesentia
1677 2672 1923 2771 placet,
1972 2680 2159 2744 omni
2184 2697 2316 2772 ope

248 2783 330 2849 in
361 2779 703 2848 Romanos
730 2771 1000 2846 accendi
1034 2800 1292 2874 regem,
1336 2774 1701 2874 inpellique
1727 2773 1809 2848 ad
1839 2774 2108 2849 consilia
2137 2777 2319 2861 belli,

255 2876 343 2954 ad
389 2905 550 2979 quae
576 2886 705 2972 jam
746 2873 854 2949 sua
883 2873 1108 2976 sponte
1138 2884 1441 2953 animum
1478 2876 1858 2953 inclinasset.
1959 2881 2210 2965 Simul,
2242 2902 2317 2952 ut

254 2988 634 3060 Demetrius
667 2988 736 3053 in
764 2979 905 3053 dies
938 2978 1295 3081 suspectior
1324 2977 1510 3066 esset,
1557 3010 1635 3054 ex
1670 2981 2043 3081 composito
2070 2981 2316 3057 sermo·

252 3114 376 3162 nes
404 3082 917 3184 aderetionem
947 3085 1414 3162 Romanorum
1444 3087 1793 3159 trahebant.
1829 3091 1921 3160 ibi
1966 3091 2171 3188 quum
2208 3089 2320 3182 alii

246 3177 482 3267 'mores
524 3209 588 3263 et
624 3189 909 3262 instituta
953 3215 1221 3273 eorum,
1277 3190 1391 3261 alii
1439 3216 1535 3261 res
1578 3191 1817 3290 gestas.
1882 3192 1995 3264 alii
2033 3188 2321 3292 speciem

176 3357 185 3366 .
256 3292 457 3396 ipsms
497 3294 710 3377 urbis,
780 3290 1083 3365 nondum
1121 3312 1468 3365 exornatae
1524 3321 1736 3393 neque
1777 3296 2055 3391 publicis
2107 3323 2320 3395 neque

252 3404 524 3500 privatis
569 3397 776 3481 locis,
817 3397 925 3468 alii
974 3392 1265 3494 fingulos
1312 3403 1688 3494 principum
1732 3395 2100 3484 eluderent3
2133 3389 2321 3491 iuve-

262 3509 369 3576 nis
410 3495 737 3582 incautus‚
781 3519 844 3571 et
883 3523 1113 3570 amore
1151 3505 1448 3571 nominis
1487 3503 1812 3584 Romani,
1859 3521 1921 3578 et
1967 3509 2326 3574 certamine

258 3598 557 3678 adversus
599 3599 901 3686 fratrem,
968 3609 1196 3675 omnia
1240 3600 1483 3675 tuendo
1527 3599 1888 3702 suspecstum
1941 3601 2006 3676 sc
2050 3612 2210 3702 patri
2263 3625 2326 3678 et
2371 3611 2382 3626 ⁸

262 3729 721 3807 opportunum
753 3709 1135 3779 criminibus
1164 3701 1502 3830 faciel-v·
1563 3710 2322 3808 Itaqueexpcrtemeum

260 3834 445 3912 pater
484 3815 796 3881 omnium
842 3807 922 3881 de
964 3809 1148 3884 rebus
1188 3814 1513 3884 Romanis
1556 3809 1989 3885 consiliorum
2034 3815 2324 3886 habebat.

260 3935 432 3988 totus
462 3919 532 3985 in
559 3908 780 3984 Persea
807 3910 1053 3998 versus,
1097 3944 1248 3986 cum
1276 3941 1356 3986 eo
1397 3921 1821 4014 cogitationes
1872 3926 2004 4012 ejus
2054 3923 2142 3987 rei
2190 3916 2324 3990 di'es

252 4045 344 4093 «ac
388 4018 617 4090 noctes
656 4017 949 4115 agitabat.
1081 4017 1473 4106 Redierant,
1526 4047 1690 4122 quos
1729 4016 1904 4096 forte
1948 4017 2205 4094 miserat
2254 4027 2326 4093 in

2092 4124 2325 4198 Bastar-
