2732 4671
400 251 640 342 15¹4..
1020 241 1794 300 ,·r.ttv11.

401 412 621 486 Castra
649 434 971 514 ponentes
1001 440 1113 487 eos
1147 418 1267 488 Ma
1315 438 1359 486 o
1390 434 1452 486 et
1480 410 1812 486 Mafinissa
1846 442 1998 489 cum
2038 420 2229 488 omni
2272 420 2456 516 equi-

399 536 533 592 tatu
559 514 831 618 adgressi
855 514 1018 590 sunt.
1059 442 1526 618 turbasfixntque
1554 528 1942 604 munientes,
1984 526 2054 590 ni
2074 514 2272 590 abditi
2302 516 2454 618 post

401 622 763 708 tumulum2
813 640 1182 724 opportune
1209 618 1293 694 ad
1327 618 1401 692 id
1427 622 1750 722 positum,
1802 626 1880 694 ab
1922 626 2232 720 Scipione
2274 630 2456 722 equi-

401 746 501 798 tes
523 722 863 824 inproviso
899 732 965 798 in
993 722 1228 803 effusos
1257 726 1682 800 incurrissent.
1784 732 1886 798 Hi
1927 722 2454 824 promtiffimum

403 841 774 932 quemque,
819 849 883 900 et
905 838 1215 928 proxime
1239 828 1486 904 vallum
1506 884 1526 914 ‚
1565 850 1754 930 atque
1794 838 1866 902 in
1890 826 2066 926 ipsos
2092 836 2454 914 munitores

401 940 703 1032 primum
755 936 1125 1018 invectum,
1189 930 1468 1006 vixdum
1518 936 1782 1032 proelio
1838 927 2044 1018 inim,
2110 930 2456 1004 fuderunt:

405 1064 561 1108 cum
589 1044 848 1120 ceteriS,
899 1044 1014 1136 qui⁴
1035 1034 1147 1110 sub
1175 1036 1371 1136 fignis
1403 1048 1590 1138 atque
1616 1036 1848 1110 ordine
1878 1044 2158 1138 agminis
2196 1032 2458 1110 incesse-

401 1162 579 1226 rant-,-
615 1140 891 1238 longior
919 1160 981 1210 et
1025 1138 1139 1212 diu
1175 1144 1484 1240 ambigua
1522 1170 1746 1242 pugna
1784 1140 1928 1214 fuit.
1974 1138 2084 1214 sed
2126 1170 2332 1242 quum
2374 1140 2452 1210 ab

401 1244 779 1318 stationibus
805 1250 1103 1340 primum
1131 1242 1466 1344 expeditae
1496 1252 1830 1330 cohortes,
1874 1242 2108 1316 deinde
2150 1272 2228 1316 ex
2254 1270 2458 1342 opere

401 1344 661 1420 dedutffi
693 1348 929 1418 milites
949 1402 969 1430 .,
1009 1366 1199 1448 atque
1227 1374 1407 1420 arma
1438 1378 1664 1446 capere
1692 1348 1830 1442 juffi
1858 1350 2072 1446 plures
2114 1368 2176 1420 et
2218 1352 2460 1446 integri

399 1446 609 1535 feffis.,
649 1478 1099 1550 magnumque
1143 1460 1275 1544 jam
1317 1480 1560 1550 agmen
1604 1474 2002 1524 armatormn
2050 1482 2084 1524 a
2128 1452 2340 1522 castris
2382 1458 2462 1524 in.

399 1556 737 1654 proelium
767 1574 1015 1636 rueret,
1053 1574 1227 1652 terga
1255 1552 1425 1626 haud
1458 1554 1652 1626 dubie
1696 1574 1954 1628 vertunt
1992 1562 2196 1628 Poeni
2224 1558 2292 1626 N
2296 1560 2466 1626 uini-

401 1658 669 1758 daeque.
767 1664 853 1730 Et
879 1664 1099 1756 primo
1127 1666 1462 1728 turmatim
1502 1660 1794 1742 abibant„
1834 1660 2008 1730 nihil
2044 1676 2312 1756 propter
2348 1686 2464 1754 pa-

401 1790 643 1841 vorem
679 1756 1255 1834 festinationemve
1297 1756 1578 1832 confusis
1622 1760 1994 1834 ordinibus:
2056 1759 2243 1844 dein,
2284 1758 2462 1856 post-

363 1936 365 1938 .
403 1894 603 1966 quam
629 1872 835 1938 acrius
863 1864 1107 1936 ultimis
1133 1862 1452 1936 incidebat
1482 1870 1858 1950 Romanus,
1910 1892 2122 1964 neque
2158 1862 2460 1936 sustineri

401 1976 655 2066 inpetus
701 1988 983 2068 poterat,
1045 1968 1215 2040 nihil
1259 1976 1387 2062 jam
1431 1968 1742 2042 ordinum
1786 1994 2158 2050 memores.,
2202 1964 2462 2064 paffim,

403 2100 529 2172 qua
599 2078 837 2172 cuique
901 2080 1291 2170 proximum
1345 2070 1506 2156 fuit‚
1592 2082 1668 2144 in
1724 2068 1956 2172 fugam
2011 2066 2460 2160 effunduntur.

397 2180 485 2257 Et
511 2204 905 2279 quamquam
935 2202 1017 2251 eo
1061 2176 1321 2275 proelio
1363 2176 1766 2277 aliquantum
1810 2198 1870 2249 et
1912 2182 2239 2249 Romanis
2284 2173 2468 2253 audii

399 2299 463 2353 et
491 2279 813 2365 deminuti
843 2279 1139 2353 hostibus
1169 2287 1379 2355 animi
1419 2301 1636 2366 erant,
1682 2301 1904 2355 tamen
1944 2307 2308 2379 numquam
2350 2279 2462 2349 ali-

401 2391 635 2485 quot²)
665 2381 1073 2485 insequentes
1113 2381 1249 2457 dies
1287 2389 1365 2457 ab
1411 2383 1898 2459 excursionibus
1942 2391 2234 2487 equitum
2276 2377 2462 2457 levis·

401 2517 527 2589 que
559 2509 919 2561 armaturae
951 2485 1253 2561 cessatum
1281 2489 1389 2561 est.

545 2597 719 2665 XIV.
775 2595 909 2663 Ubi
947 2589 1085 2663 satis
1115 2613 1385 2665 tentatae
1415 2621 1534 2690 per
1572 2599 1735 2665 haec
1777 2593 1948 2665 levia
1994 2597 2346 2665 certamina
2370 2594 2464 2661 vi-

397 2723 499 2769 res
527 2693 709 2779 sunt,
753 2701 937 2793 prior
967 2693 1329 2765 Hasdrubal
1357 2701 1427 2763 in
1470 2703 1680 2767 aciem
1724 2701 1941 2789 copias
1985 2691 2238 2763 eduxit:
2284 2691 2464 2763 dein-

401 2799 487 2873 de
521 2819 583 2871 et
613 2803 905 2893 Romani
933 2793 1313 2895 processere.
1357 2793 1474 2865 sed
1504 2815 1768 2895 utraque
1792 2801 1956 2866 acies
1986 2821 2112 2891 pro
2146 2795 2318 2869 vallo
2344 2795 2464 2865 ste-

401 2911 477 2975 tit
503 2901 839 2973 instrucsta:
883 2923 947 2971 et
979 2927 1181 2997 quum
1211 2901 1291 2969 ab
1317 2907 1556 2969 neutris
1593 2925 1810 2995 pugna
1834 2917 2064 2993 coepta
2094 2893 2280 2981 esset,
2319 2905 2458 2989 jam

403 3003 515 3077 die
557 3001 639 3073 ad
685 2999 987 3075 occasum
1025 3003 1415 3097 inclinante,
1472 3031 1508 3072 a
1558 3007 1784 3073 Poeno
1826 3009 2042 3099 prim,
2104 2997 2342 3071 deinde
2380 3003 2460 3071 ab

399 3113 713 3181 Romano
743 3113 817 3177 in
845 3105 1039 3179 castra
1071 3115 1297 3205 copiae
1327 3103 1646 3179 reduciae.
1748 3111 1910 3177 Hoc
1940 3101 2116 3177 idem
2160 3131 2276 3203 per
2322 3101 2462 3175 dies

399 3211 652 3311 aliquot
679 3207 945 3317 factum.
993 3219 1175 3311 prior
1197 3207 1458 3307 semper
1488 3215 1740 3311 Poenus
1784 3217 2004 3309 copias
2048 3209 2262 3281 castris
2308 3204 2460 3279 edu-

403 3317 599 3387 cebat.
639 3321 825 3413 prior
855 3309 1027 3387 fessis
1053 3311 1283 3389 stando
1311 3311 1572 3415 signum
1604 3321 1892 3413 receptui
1940 3311 2142 3392 dabat.
2184 3313 2262 3385 ab
2304 3339 2460 3385 neu-

401 3439 497 3498 tra
523 3439 703 3519 parte
731 3415 1141 3517 procursum,
1189 3419 1480 3491 telumve
1512 3415 1800 3503 missum,
1850 3439 1956 3491 aut
1980 3445 2112 3489 vox
2140 3415 2268 3487 ulla
2302 3437 2460 3487 orta.

397 3521 695 3595 mediam
725 3528 939 3607 aciem
971 3529 1129 3595 hinc
1159 3527 1474 3607 Romani,
1506 3523 1692 3597 illinc
1710 3515 2272 3619 Kanhaginienses
2294 3527 2460 3591 mix-

399 3633 451 3699 ti
497 3623 711 3709 Afris.,
767 3629 1013 3699 c'ornua
1054 3625 1219 3700 socii
1261 3629 1592 3699 tenebant:
1644 3645 1822 3697 erant
1874 3645 2090 3697 autem
2126 3631 2457 3723 utrimque

399 3727 683 3829 Hispani
713 3755 837 3827 pro
873 3731 1197 3801 cornibus.
1239 3753 1385 3803 ante
1413 3735 1726 3803 Punicam
1752 3739 1960 3803 aciem
2004 3729 2332 3827 elephanti
2362 3757 2456 3799 ca-

402 3835 743 3909 stellorum
771 3835 1007 3931 procul
1035 3831 1321 3931 speciem
1357 3837 1758 3935 praebebant.
1858 3837 2002 3923 Jam
2032 3839 2166 3905 hoc
2194 3829 2264 3905 in
2280 3825 2458 3903 utris·

405 3967 531 4041 que
559 3937 775 4013 castris
801 3933 1123 4017 sermonis
1155 3957 1317 4025 erat,
1359 3947 1478 4025 ita,
1522 3957 1592 4011 ut
1634 3937 1928 4011 instructi
1960 3933 2294 4021 ssetissent,
2338 3961 2456 4031 pu-

2234 4071 2239 4072 t
2297 4062 2457 4137 gna·

503 4171 566 4245 t)
592 4183 685 4243 per
710 4176 899 4245 aliquot
923 4176 1087 4232 Grons
1107 4178 1258 4232 Crev.
2193 4158 2198 4166 ⁸
