2732 4671
735 247 1353 301 211⁸.xxxv111
1460 249 1674 299 cnr.
1720 252 1834 298 111
2165 223 2316 327 6⁸71

260 420 411 507 rint.
452 416 566 486 hic
593 412 744 485 finis
774 405 1087 514 sequendi
1112 404 1255 487 fuit.
1331 405 1501 487 Inde
1526 395 1667 487 tuto
1684 410 2097 515 Macedones
2116 420 2324 493 Gom·

258 522 477 617 phos,
512 539 575 589 et
613 545 649 589 a
678 522 1010 617 Gomphis
1044 523 1117 605 in
1161 515 1636 597 Macedoniam
1678 518 2025 593 redierunt.
2127 529 2324 597 Atha-

256 648 486 694 manes
519 622 865 721 Aetolique
891 624 1250 721 Ethopiam
1269 674 1312 711 ‚7
1337 619 1419 699 ad
1444 628 1790 694 Zenonem
1835 650 1912 697 ac
1954 623 2142 699 mille
2172 614 2322 700 Ma·

258 724 544 797 cedonas
571 721 1069 822 obprimendos,
1106 721 1903 827 undiqueconcurrerunt.
2004 730 2348 819 Macedo·

257 854 411 913 nm,
448 854 682 927 parum
707 828 862 900 loco
889 820 1083 914 freti,
1120 830 1199 901 ab
1227 833 1511 931 Ethopia
1544 836 1619 901 in
1652 832 1954 904 altiorem
1993 826 2321 936 demptio·

253 959 534 1032 remque
577 928 866 1034 undique
908 933 1238 1005 tumulum
1278 923 1667 1007 concessere.
1717 958 1853 1037 quo
1889 935 2180 1035 pluribus
2222 936 2322 1012 lo·

256 1043 350 1109 cis
395 1033 573 1123 aditu
617 1042 929 1122 invento,
979 1037 1284 1137 expulere
1327 1062 1441 1137 eos
1484 1042 1912 1113 Athamanes:
1981 1032 2321 1142 dispersos·

259 1167 419 1242 que,
471 1162 534 1210 et
560 1165 678 1239 per
698 1141 901 1211 invias
930 1157 1120 1240 atque
1147 1144 1402 1240 ignotas
1429 1163 1620 1242 rupes
1642 1136 1771 1215 »it‘er
1798 1139 1992 1244 fugae
2030 1171 2171 1217 non
2208 1170 2319 1219 ,ex-

256 1240 628 1344 pedicam,
662 1234 906 1342 partim
936 1264 1283 1343 ceperunt,
1331 1241 1571 1344 'partim
1609 1230 2106 1321 interfecerunt:
2150 1249 2322 1327 mul·

257 1355 308 1420 ti
338 1372 582 1447 pavore
608 1351 681 1419 in
720 1343 986 1446 derupta
1027 1354 1463 1448 praecipitati,
1506 1348 1815 1448 perpauci
1858 1374 2011 1423 cum
2043 1356 2321 1427 Zenone

258 1448 343 1523 ad
375 1476 601 1550 regem
630 1445 978 1523 evaserunt.
1020 1449 1423 1551 posterodie
1464 1476 1582 1552 per
1621 1451 1913 1528 inducias
1952 1452 2320 1557 sepeliendi

259 1551 475 1628 caesos
503 1552 776 1654 potestas
810 1550 978 1627 faeia
1007 1553 1115 1628 est.
2307 1613 2311 1617 .

401 1660 515 1730 111.
565 1656 1031 1750 Amynander,
1111 1675 1489 1759 recuperato
1530 1679 1780 1760 regno,
1843 1654 2094 1761 legatos
2133 1683 2198 1736 et
2220 1657 2319 1761 t’¹’)

257 1765 549 1835 Romam
579 1759 660 1833 ad
687 1757 1017 1859 senatum,
1058 1783 1124 1835 et
1156 1760 1238 1834 ad
1278 1766 1625 1864 Scipiones
1670 1770 1741 1836 in
1777 1760 2036 1852 Asiam,
2073 1767 2320 1867 Ephefi
2424 1810 2431 1823 ·

252 1865 400 1966 post
433 1889 753 1965 magnum
785 1891 942 1937 cum
971 1868 1309 1940 Antiocho
1337 1867 1668 1967 proelium
1711 1886 2079 1955 morantes,
2124 1866 2319 1946 misit.

253 1974 490 2042 Pacem
564 1968 802 2055 etebat,
844 1965 1308 2072 excusabatque
1336 1963 1506 2058 sese,
1546 1969 1745 2072 quod'
1768 1995 1886 2073 per
1922 1969 2195 2048 Aetolos
2224 2004 2321 2050 re·

254 2096 488 2173 cupera
541 2091 604 2144 et
658 2092 999 2170 paternum
1073 2096 1374 2173 regnum.
1521 2048 1921 2177 Philippuni'
1970 2074 2315 2154 incusabat.

255 2174 478 2250 Aetoli
505 2199 584 2248 ex
611 2178 1007 2247 Athamania
1035 2175 1116 2267 *in
1159 2174 1651 2274 Amphilochos
1697 2172 1987 2278 profeffl
2029 2178 2208 2269 sunt,
2250 2166 2345 2270 et:x

255 2285 523 2375 majoris
551 2282 748 2380 partis
779 2278 1110 2351 voluntate
1139 2279 1212 2351 in
1257 2283 1354 2374 jus
1394 2276 1847 2381 ditionemque
1887 2301 2091 2368 totam
2138 2286 2317 2361 rede-

251 2402 489 2486 gerunt
535 2387 830 2484 gentem·
959 2377 1442 2482 Amphilochia
1492 2402 1782 2482 recepta,
1845 2386 2045 2475 (nam
2101 2379 2318 2464 fuerat

299 2480 595 2585 nondam
641 2481 1071 2582 Aetolorum)
1115 2480 1347 2559 eadem
1401 2477 1512 2586 spe
1564 2488 1639 2560 i‘n
1681 2493 2101 2588 Aperantiam
2150 2511 2316 2565 tran·

249 2517 656 2666 Peenderunt.
718 2617 791 2662 ea
839 2612 1105 2691 quoque
1144 2614 1384 2692 magna
1428 2612 1510 2662 ex
1550 2609 1732 2691 parte
1771 2589 1910 2665 fine
1957 2604 2313 2672 certamine

250 2703 326 2770 in
377 2693 787 2771 deditionem
833 2695 1035 2767 venit.
1162 2697 1464 2795 Dolopes
1503 2713 1868 2797 numquam
1914 2699 2315 2776 Aetolorum
2364 2698 2383 2711 ⁸

250 2797 541 2875 fuerant:
591 2797 880 2897 Philippi
927 2812 1125 2871 erant.
1174 2802 1248 2873 hi
1291 2803 1587 2901 primum
1622 2798 1705 2872 ad
1745 2823 1925 2874 arma
1971 2825 2318 2878 concurre·

251 2926 446 2978 runt:
482 2921 812 2984 ceterum,
856 2901 1201 3003 postquam
1229 2901 1720 3003 Amphilochos
1745 2928 1897 2979 cum
1930 2899 2180 2981 Aetolis
2223 2901 2315 2983 es⁴

249 3005 354 3094 se,
397 3002 754 3108 fugamque
782 3028 862 3076 ex
901 3011 1300 3082 Athamania·
1321 3007 1648 3108 Philippi,
1687 3029 1750 3082 et
1777 3000 2044 3083 caedem
2085 3011 2317 3111 praefi·-

254 3110 353 3185 dii
379 3119 513 3208 ejus
542 3131 883 3209 accepere,
934 3128 998 3184 et
1021 3102 1140 3211 ipfi
1168 3137 1205 3186 a
1232 3112 1543 3214 Philippo
1575 3109 1659 3187 ad
1687 3114 1961 3187 Aetolos
1982 3106 2313 3193 deficiunt.

255 3216 514 3316 Qibus
549 3215 983 3310 circumjee'lis
1009 3218 1309 3315 gentibus
1335 3220 1469 3314 jam
1500 3216 1789 3319 undique
1832 3212 1900 3290 se
1940 3247 1976 3290 a
1999 3218 2315 3295 Macedo⁴

251 3322 444 3393 nibus
475 3339 645 3392 tutos
673 3314 1081 3392 credentibus
1112 3316 1288 3406 esse,-
1323 3317 1575 3394 Aetolis
1604 3316 1782 3393 fama
1811 3314 2134 3409 adfertur,
2178 3332 2314 3399 An«-

252 3429 561 3497 tiochum
588 3424 665 3495 in
693 3414 843 3495 Afia
874 3424 1126 3494 vieium
1153 3423 1232 3495 ab
1264 3423 1603 3500 Romanis.
1644 3447 1767 3495 nec
1809 3428 1895 3496 ita
1921 3426 2137 3499 multo
2163 3429 2338 3527 post·

248 3528 448 3629 legati
476 3529 555 3601 ab
581 3532 804 3601 Roma
837 3524 1093 3598 rediere
1115 3519 1251 3600 fine
1282 3518 1394 3627 spe
1433 3526 1643 3625 paci8‚
1682 3525 2116 3630 Fulviumque
2159 3558 2315 3604 con-

250 3631 462 3707 sulem
495 3635 878 3704 nunciantes
914 3632 1050 3726 jam
1076 3654 1228 3704 cum
1275 3636 1560 3703 exercitu
1601 3621 1925 3728 trajecisse.
2030 3637 2157 3705 His
2193 3652 2314 3709 ter·
2438 3659 2445 3674 ¹

251 3744 399 3822 riti‚
441 3744 620 3838 prips
646 3735 727 3806 ab
758 3733 1006 3808 Rhodo
1040 3753 1104 3811 et
1132 3735 1409 3810 Athenis
1448 3733 1888 3834 legationibus
1927 3737 2189 3823 excitis,
2240 3760 2313 3814 ut

249 3867 370 3943 per
394 3843 844 3913 austeritatem
877 3838 1234 3915 civitatium
1264 3864 1491 3914 earum
1520 3836 1667 3913 suae
1707 3848 1941 3942 preces
1972 3862 2184 3941 nuper
2213 3869 2310 3915 re-
2356 3902 2361 3907 .

248 3941 557 4048 pudiatae
581 3940 957 4018 faciliorem
998 3944 1246 4022 aditum
1287 3938 1371 4020 ad
1412 3941 1708 4022 senatum
1750 3941 2094 4036 haberent,
2137 3948 2313 4046 prin·

753 4141 756 4144 ,
2116 4050 2309 4154 ,cipet

354 4171 461 4248 bb)
496 4187 544 4235 et
572 4171 673 4234 dol.
701 4177 860 4236 Gran.
