2732 4671
773 166 966 214 Ltn.
1023 132 1340 253 xj‘xvut
1386 136 1660 235 ,ὀζΛικ
1706 126 1958 218 xxu't
2072 110 2093 139 ε
2252 158 2396 243 ι67

316 319 767 433 gentumque,
827 329 1104 404 cumulo
1142 324 1366 404 rerum
1408 331 1685 407 aliarum
1722 326 2188 435 interfulgens,
2257 343 2391 410 avi-

312 433 502 508 ditate
540 441 806 535 ingenii
848 440 1166 520 humani,
1204 460 1431 536 rapere
1471 463 1552 533 ex
1588 443 1747 537 igne
1788 437 2061 525 vellent,
2103 446 2388 542 correpti

308 540 422 613 alii
449 538 730 614 flamma
760 535 942 625 sunt,
979 539 1095 612 alii
1121 539 1401 613 ambusti
1430 536 1667 614 adflatu
1701 538 1992 644 vaporis:
2035 570 2242 644 quum
2284 568 2383 617 re-

310 663 558 743 ceptus·
580 648 856 742 primis,
897 665 1217 743 urguente
1256 650 1537 744 ingenti'
1557 646 1776 730 turba,
1825 673 1971 720 non
2014 643 2181 721 effet.
2282 653 2381 725 Ita

303 744 590 846 Astapa,
626 743 761 820 fine
787 745 1029 846 praeda
1053 746 1348 823 militum
1364 803 1387 832 ‚
1428 744 1608 822 ferro
1634 757 1912 851 ignique
1940 747 2230 824 absumta
2267 751 2375 825 est.

303 854 643 935 Marcius,
685 858 912 924 ceteris
938 858 1072 947 ejus
1096 858 1387 953 regionis
1413 874 1598 925 metu
1632 860 1705 926 in
1753 851 2166 927 deditionem
2202 881 2375 928 acce-

297 961 471 1055 ptis,
512 957 832 1029 vidiorem
860 962 1218 1030 exercitum
1240 960 1715 1056 Karthaginem
1744 955 1827 1030 ad
1853 963 2242 1059 Scipionem
2266 982 2374 1033 ,re-

301 1055 509 1131 duxit.
611 1064 734 1132 Per
760 1084 875 1130 eos
903 1054 1080 1158 ipsos
1111 1057 1249 1133 dies
1275 1055 1587 1161 perfugae
1632 1088 1670 1133 a
1699 1059 1985 1136 Gadibus
2030 1081 2372 1150 venerunt,
2485 1050 2489 1059 ’

293 1162 723 1263 pollicentes,
784 1164 1019 1234 urbem
1059 1169 1523 1265 Punicumque
1568 1163 2005 1263 praesidium,
2071 1164 2250 1267 quod
2293 1172 2369 1241 in

293 1293 370 1338 a
397 1266 570 1339 urbe
595 1261 781 1352 effet,
820 1286 888 1338 et
926 1273 1399 1365 imperatorem
1441 1265 1740 1366 praesidii
1783 1297 1940 1343 cum
1973 1268 2169 1347 claffo
2210 1296 2363 1366 pro-

291 1367 551 1442 dituros
589 1368 733 1443 effe.
831 1372 1047 1469 Mago
1090 1372 1185 1443 ibi
1226 1396 1306 1443 ex
1343 1366 1503 1471 fuga
1541 1366 1939 1459 substiterat,
1963 1370 2248 1451 navibus
2279 1401 2365 1447 ue

292 1479 368 1549 in
394 1499 657 1546 oceano
686 1471 1039 1559 conled'lis,
1080 1473 1488 1575 aliquantum
1518 1476 1920 1549 auxiliorum
1945 1498 2010 1550 et
2036 1497 2207 1550 trans
2232 1401 2369 1550 ἓτεέ

294 1596 436 1650 tum
464 1604 552 1650 ex
581 1572 836 1660 Africa,
850 1602 1001 1663 ora,
1045 1598 1110 1651 et
1149 1603 1232 1652 ex
1268 1584 1593 1675 proximis
1637 1577 1996 1680 Hispaniae
2035 1580 2200 1654 locis
2237 1608 2358 1680 per

294 1686 710 1756 Hannonem
735 1677 1146 1781 praefectum
1172 1691 1494 1781 coegerat.
1593 1680 1757 1755 Fide
1795 1707 2054 1785 accepta
2085 1681 2357 1786 dataque

290 1781 617 1886 perfugis,
689 1804 754 1857 et
794 1789 1090 1859 Marcius
1133 1812 1218 1858 eo
1258 1812 1414 1862 cum
1455 1783 1768 1884 expeditis
1812 1789 2225 1872 cohortibuS,
2285 1808 2355 1860 et

289 1890 546 1964 laelius
591 1916 752 1960 cum
791 1883 1039 1989 septem
1081 1889 1495 1973 triremibus,
1543 1895 2007 1990 quinqueremi
2049 1920 2212 1978 una,
2257 1889 2352 1965 est

291 1988 552 2080 miffus,
631 2011 704 2067 ut
737 2011 905 2069 terra
953 1999 1252 2100 marique
1303 2000 1656 2071 communi
1706 1992 1988 2069 confilio
2040 2012 2187 2069 rem
2239 2021 2350 2098 ge-

290 2117 529 2170 rerent.
1650 2140 1653 2141 ⁷
1944 2160 1945 2167 ,
2300 2164 2303 2169 .

433 2205 668 2274 XXIV.
717 2187 950 2302 Scipio
988 2197 1128 2301 ipse
1152 2207 1338 2300 gravi
1365 2202 1607 2275 morbo
1637 2178 2003 2303 inplicitus,
2041 2207 2347 2300 graviore

219 2314 222 2319 Α
285 2320 521 2377 tamen
543 2300 750 2391 fama,
794 2331 1005 2407 quum
1026 2300 1111 2378 ad
1150 2302 1221 2376 id
1249 2300 1551 2404 quisque,
1592 2300 1772 2402 quod
1812 2300 2116 2390 audierat,
2158 2301 2346 2393 (infi-

175 2479 184 2504 .-
282 2425 356 2479 m
384 2412 738 2483 hominum
757 2406 1042 2483 libidine
1080 2405 1299 2481 alendi
1339 2404 1423 2479 de
1458 2404 1770 2480 industria
1810 2415 2147 2503 rumores)
2195 2404 2345 2501 adji-

290 2531 493 2596 neret,
517 2511 782 2615 aliquid,
794 2517 1217 2614 provinciam
1257 2535 1541 2584 omnem
1570 2538 1647 2583 ac
1662 2515 1955 2582 maxime
1969 2509 2340 2611 longinqua
2372 2511 2401 2518 ”
2431 2540 2435 2543 ’

287 2621 427 2711 ejus
451 2617 758 2690 turbavit:
804 2613 1246 2718 adparuitque„
1261 2633 1577 2717 quantam
1602 2621 1944 2688 excitatura
1959 2613 2218 2687 molem
2235 2639 2341 2686 ve·
2356 2597 2375 2616 ’

229 2815 232 2818 Δ
283 2714 586 2795 ηῆιὶίίἒῑ
598 2718 838 2806 clades,
885 2745 1090 2821 quum
1115 2745 1315 2792 vanus
1342 2744 1577 2791 rumor
1594 2738 1794 2792 tantas
1820 2717 2141 2817 procellas
2169 2723 2343 2790 exci-

283 2820 481 2896 visset.
528 2852 674 2898 non
700 2821 865 2899 socii
893 2831 969 2898 in
997 2821 1166 2909 fide,
1205 2848 1348 2896 non
1375 2827 1685 2896 exercitus
1721 2829 1796 2896 in
1821 2819 2052 2895 officio
2080 2818 2338 2895 manfit.

278 2924 695 3003 Mandonius
740 2948 805 3002 et
844 2923 1181 3014 Indibilis,
1221 2927 1521 3028 quibus(
1582 2933 1689 2999 uia
1728 2952 1799 2998 re
1847 2952 2007 2998 num
2044 2923 2166 3000 fibi
2210 2923 2337 3004 Hi*

276 3026 578 3130 spaniae,
631 3030 831 3133 pulfis
872 3029 1030 3106 inde
1055 2954 1736 3130 Karthaginienllbus.)
1782 2952 2167 3103 ‹festinarant
2201 3035 2337 3103 ani·

277 3130 458 3230 mis)
502 3134 681 3211 nihil
713 3162 839 3238 pro
893 3132 1007 3235 spe
1039 3141 1453 3234 contigerat,
1517 3140 1852 3207 concitatis
1908 3133 2339 3232 popularibus

275 3235 624 3325 (Iacetani
651 3259 869 3314 autem
897 3246 1111 3334 erant)
1145 3257 1213 3310 et
1236 3245 1561 3333 juventute
1592 3235 2073 3310 Celtiberorum
2104 3242 2332 3320 excite&

272 3368 515 3441 agrum
548 3339 989 3432 Suessetanum
1018 3338 1538 3442 Sedetanumque
1565 3338 1909 3413 sociorum
1938 3365 2032 3438 po
2078 3337 2174 3409 uli
2202 3341 2336 3410 Ro·
2460 3422 2487 3440 ,

280 3455 464 3519 mani
501 3447 829 3522 hostIliter
869 3445 1248 3547 depopulati
1285 3441 1451 3520 sunt.
1553 3443 1786 3517 Civilis
1829 3442 1985 3515 alius
2026 3365 2214 3514 furor
2258 3445 2334 3513 in

279 3547 498 3622 castris
532 3546 621 3624 ad
659 3551 1028 3625 sucronem
1066 3569 1263 3623 ortus.
1402 3549 1583 3621 octo
1635 3548 1733 3620 ibi
1783 3545 1995 3619 millia
2034 3547 2332 3620 militum

280 3671 493 3741 ‘erant3
551 3647 952 3755 praesidium
993 3657 1296 3754 gentibus
1313 3706 1335 3738 ,
1374 3678 1541 3752 quae
1576 3658 1671 3725 cis
1712 3653 1987 3744 Iberum,
2010 3649 2331 3733 incolunt,

273 3756 657 3857 inpositum.
759 3763 996 3833 Motae
1024 3779 1240 3846 autem
1265 3781 1503 3830 eorum
1528 3778 1778 3830 mentes
1818 3751 1965 3829 sunt
2001 3778 2143 3825 non
2185 3772 2335 3824 tum

269 3867 604 3960 primum,
659 3889 871 3964 quum
914 3855 997 3936 de
1032 3869 1166 3938 vita
1203 3867 1621 3961 imperatoris
1667 3857 1850 3938 dubii
1890 3881 2183 3929 rumores
2225 3847 2334 3925 ad·

269 3965 384 4064 lati
407 3963 594 4058 sunt3
632 3960 747 4040 sed
771 3974 907 4065 iam
933 3986 1114 4056 ante,
1153 3966 1425 4042 licentia
1468 3991 1548 4040 ex
1588 3960 1843 4050 diutino
1861 4014 1883 4048 ,
1919 3980 1991 4032 ut
2026 3958 2139 4047 fit,
2189 3962 2333 4036 otio

1269 4074 1327 4147 Ι,
1363 4096 1413 4162 4
1797 4073 1810 4095 “
2170 4089 2330 4140 con·

2140 4353 2161 4400 ἱ
