2732 4671
469 210 730 322 714⁸
1248 208 1790 317 τζιινιι

463 418 556 497 ed
641 419 990 497 uindec'im
1032 416 1243 491 millia
1283 420 1671 501 Thracum,
1711 414 2135 521 ‘praecedenti
2170 415 2252 491 ad
2293 418 2528 520 explo-

466 552 585 600 ran
635 554 670 598 a
696 526 842 598 loca
868 546 1112 623 agmen
1140 526 1393 594 Mutini
1432 518 1760 595 Numidae
1800 519 2165 596 obcurriss‘e.
2219 522 2529 623 quadrin-

465 653 699 729 gentos
728 634 972 729 equites
1007 621 1196 711 fuiss'e
1221 623 1578 710 Numidas,
1615 651 1857 725 paucos
1884 626 2290 725 elephantos.
2350 632 2527 702 .Mu·

468 740 625 806 tinis
652 732 865 805 filium
893 758 1012 835 per·
1042 727 1306 805 medios.
1320 729 1537 803 hostes
1570 757 1725 802 cum
1756 750 2023 803 centum
2053 737 2531 833 quinquaginta

471 832 736 911 delestis
775 838 1094 938 equitibus
1132 829 1501 935 perrupisse.
1553 829 1871 907 eumdem
1900 859 2096 919 mox,
2142 862 2357 936 quum
2392 844 2527 931 jam

466 945 797 1025 Mutines,
867 947 940 1013 in
994 938 1218 1011 medio
1268 937 1631 1036 elephantis
1687 938 2088 1022 conlocatis,
2139 945 2222 1011 in
2271 967 2523 1014 cornua

447 1046 795 1146 *equitibus
820 1039 1172 1141 dispositis,
1217 1042 1684 1114 manum'cum
1714 1041 1901 1115 hoste
1936 1038 2385 1127 conseruisset,
2412 1066 2528 1116 ter·

473 1174 701 1231 rorem
745 1149 825 1221 ab
868 1169 1050 1245 tergo
1085 1142 1462 1244 praebuiffe.
1507 1165 1721 1246 atque.
1745 1143 1900 1220 inde
1940 1147 2228 1219 turbatos
2256 1147 2531 1248 equestri

475 1251 667 1326 velut
693 1250 985 1349 procella
1018 1250 1235 1339 hostes
1273 1247 1355 1322 ad
1398 1246 1695 1350 peditum
1735 1277 1979 1349 agmen
2020 1275 2164 1322 non
2192 1247 2527 1325 aeoeffiffe.

474 1359 603 1439 Cn.
645 1354 941 1427 Manlius
982 1379 1099 1453 per
1121 1350 1601 1428 Macedoniam
1628 1361 1701 1427 in
1727 1349 2139 1426 Thess‘aliam
2169 1363 2531 1428 exercitum

470 1454 770 1530 traduxit.
827 1455 981 1531 inde
1018 1485 1138 1557 per
1177 1463 1458 1556 Epirum
1488 1458 1924 1555 Apolloniam
1950 1484 2180 1558 quum
2210 1455 2528 1558 pervenis·

455 1559 606 1645 set,
649 1559 953 1634 nondum
983 1561 1148 1635 adeo
1178 1564 1462 1634 hiberno
1497 1581 1833 1633 contemto
1864 1567 2074 1647 mari,
2116 1582 2193 1634 ut
2234 1571 2527 1659 trajicere

470 1662 766 1749 auderet,
819 1665 1221 1764 Apolloniae
1260 1665 1650 1738 hibernavit.
2070 1716 2091 1725 .*

475 1846 480 1851 ,
620 1762 816 1843 an.
853 1774 1048 1842 Exitu
1075 1794 1282 1868 prope
1306 1774 1463 1841 anni
1495 1772 1594 1841 M.
1623 1767 1921 1843 Valerius
1954 1762 2188 1841 consul
2230 1794 2317 1841 ex
2340 1773 2535 1871 Liga-

476 1873 659 1946 ribus
702 1869 784 1944 ad
828 1873 1229 1969 magistratus
1271 1868 1718 1970 subrogandos
1749 1875 2043 1948 Romam
2071 1879 2292 1957 venit,
2333 1875 2534 1959 nulla.

474 1973 897 2048 memorabili
943 1981 1011 2045 in
1054 1979 1401 2072 provincia
1447 2000 1517 2046 re
1559 1972 1769 2073 gesta,
1796 1996 1880 2047 ut
1910 2004 1984 2048 ea
2012 1977 2375 2075 probabilis
2402 2005 2536 2051 mo·

475 2102 589 2149 rae
629 2073 833 2149 caussa
874 2073 1060 2162 esset,
1117 2073 1297 2178 quod
1344 2072 1539 2151 solito
1583 2073 1780 2150 serius
1822 2076 1905 2152 ad
1942 2087 2215 2152 comitia
2255 2078 2534 2154 veniffet.

374 2254 380 2281 ¹
473 2185 771 2281 Comitia
797 2171 1164 2255 consulibus
1191 2181 1504 2281 rogandis
1527 2176 1794 2255 fuerunt
1819 2204 1965 2255 ante
2009 2181 2193 2263 diem
2232 2182 2536 2261 duodeci·

472 2312 672 2359 mum
704 2282 1024 2360 Kalendas
1057 2289 1346 2360 Martias.
1389 2292 1584 2362 creati
1615 2290 1717 2360 M.
1750 2287 2071 2362 Aemilius
2116 2286 2422 2389 Lepidus,
2458 2293 2530 2362 C.

467 2388 864 2466 Flaminius,
1018 2389 1284 2464 Postero
1327 2388 1435 2463 die
1478 2411 1806 2490 praetores
1846 2385 2002 2465 faeti
2050 2397 2179 2492 Ap.
2230 2394 2527 2466 Claudi·
2632 2443 2636 2452 ‚

477 2494 793 2581 Pulcher,
834 2500 967 2568 Ser.
998 2495 1319 2593 Sulpicius
1347 2494 1594 2579 Galba,
1638 2498 2102 2594 QTerentius
2145 2497 2407 2581 Culleo,
2458 2501 2527 2569 L.

475 2595 1234 2672 Terentius‘Maffiliota
1264 2604 1333 2693 ²⁸)
1390 2598 2117 2697 QT'ulvius'Flaccus,
2178 2605 2283 2674 M.
2318 2606 2532 2675 Furius

481 2699 822 2801 Craffipes.
968 2705 1279 2775 Comitiis
1321 2699 1667 2800 perfectis.
1707 2729 1862 2804 quas
1891 2710 2262 2804 provincias
2292 2727 2535 2804 praeto·

480 2805 657 2877 ribus
698 2799 823 2876 effe
871 2803 1187 2902 placeret,
1252 2805 1468 2878 retulit
1509 2803 1591 2898 ad
1630 2801 1921 2880 senatum
1950 2804 2205 2886 consul..
2414 2811 2425 2818 ”

476 2928 631 2982 runt
672 2905 827 2982 duas
871 2912 1165 2992 Romae,
1222 2916 1381 3004 juris
1424 2907 1691 2984 dicundi
1737 2908 1976 3000 cauffa3
2023 2909 2181 2986 duas
2218 2932 2390 2990 ατη
2424 2919 2542 2986 lta-

476 3012 678 3096 liam,
721 3011 1014 3086 Siciliam
1046 3033 1109 3084 et
1135 3010 1542 3102 Sardiniam3
1595 3012 1751 3086 duas
1783 3021 1859 3086 in
1883 3016 2104 3098 Italia,
2162 3018 2543 3090 Tarentum

476 3135 541 3187 et
595 3115 903 3204 Galliam.
976 3134 1039 3186 et
1080 3116 1453 3213 extemplO,
1505 3114 1879 3219 priusquam
1922 3126 2167 3192 inirent
2214 3121 2549 3221 magistra·

483 3236 667 3318 tum,
712 3214 926 3291 sortiri
956 3216 1114 3313 juffi.
1217 3223 1349 3292 Ser.
1379 3221 1700 3320 Sulpicius
1751 3224 2102 3309 urbanam,
2162 3228 2546 3326 QTeren·

477 3329 604 3395 tius
631 3329 1043 3421 peregrinam
1072 3320 1164 3395 est
1189 3318 1467 3397 sortitus,
1571 3330 1642 3399 L.
1671 3327 2025 3400 Terentius
2067 3330 2403 3414 Siciliam,
2464 3333 2579 3429 Q

482 3426 750 3500 Fulvius
775 3424 1183 3513 Sardiniam,
1231 3434 1354 3527 Ap.
1391 3426 1705 3501 Claudius
1736 3433 2147 3515 Tarentum,
2184 3436 2290 3505 M.
2320 3437 2547 3506 Furius

481 3532 787 3605 Galliam.
857 3539 862 3542 ’
887 3537 992 3604 Eo
1019 3557 1196 3602 anno
1222 3537 1291 3605 L.
1320 3536 1662 3606 Minucius
1692 3535 2005 3626 Myrtilus
2030 3555 2096 3607 et
2120 3540 2193 3608 L.
2223 3536 2550 3618 Manlius,

483 3634 664 3735 quod
711 3636 954 3734 legatos
1009 3633 1577 3735 Karthaginienses
1625 3633 1889 3736 pulsaffe
1918 3636 2336 3723 dicebantur,
2385 3637 2551 3736 jussu

480 3744 586 3817 Μ.
629 3737 892 3812 Claudii
935 3745 1247 3837 praetoris
1300 3742 1479 3813 urbis
1517 3767 1634 3842 per
1659 3736 1910 3815 fetiales
1944 3739 2160 3816 traditi
2198 3739 2347 3816 sunt
2371 3744 2552 3846 lega-

475 3848 596 3927 tis,
642 3862 706 3915 et
745 3848 1217 3941 Karthaginem
1246 3847 1476 3917 avedii.
1628 3850 1705 3916 In
1731 3848 2075 3947 Liguribus
2104 3854 2333 3946 magni
2366 3849 2555 3932 belli,

475 3965 546 4046 et
566 3942 903 4052 gliscentis
929 3952 1002 4020 in
1030 3943 1171 4020 dies
1205 3954 1454 4049 magis,
1500 3943 1678 4028 fama
1705 3971 1855 4024 erat.
1912 3958 2131 4054 itaque
2167 3946 2554 4027 consulibus

2326 4082 2554 4139 mvl&

491 4245 496 4250 ⁴
549 4180 644 4251 sn)
683 4175 962 4251 ualidiora
992 4185 1160 4240 Gron.
1185 4185 1342 4253 unffi
1378 4188 1528 4250 cm.
1600 4149 1621 4174 λ
