2732 4671
681 284 870 332 ιη.
917 284 1288 332 xxxvur
1392 286 1432 335 c
1468 287 1514 335 A
1554 262 1612 337 i».
1662 289 1810 336 mv
2090 282 2283 354 »729

227 472 369 521 non
395 448 598 520 relata‘
625 447 1222 548 in'publiq'eumsita
1263 468 1334 521 ut
1378 469 1560 523 antea
1599 440 1855 551 semper
1892 447 2144 523 fastum
2189 443 2277 520 es-

221 551 347 638 set,
397 579 680 651 aequum
729 547 1086 649 censebant.
1143 553 1425 626 -.Petillii
1455 555 1864 654 nobilitatem
1897 576 1959 626 et
1997 579 2278 653 regnum

224 662 297 729 in
351 651 568 727 senatu
601 654 1003 753 'Scipionum
1044 654 1435 730 accusabant.
1556 664 1627 732 L.
1669 664 1899 732 Furius
1941 663 2278 757 Purpureo
2316 725 2323 739 ,

127 776 134 789 ‘
227 756 630 843 consularis,
674 765 786 858 qui
828 755 1169 831 indecem
1216 761 1440 860 legatis
1480 768 1555 834 in
1606 760 1754 836 Asia
1798 759 2040 845 fi1erat,
2096 760 2278 833 latius

221 860 598 960 rogandum
624 858 947 955 censebat:
983 889 1134 934 *non
1162 890 1321 966 quae
1343 867 1421 936 ab
1456 852 1790 939 Antiocho
1834 863 2045 938 modo
2089 850 2279 962 pecn-
2312 944 2316 952 .

187 1058 193 1064 ⁵
226 974 620 1065 niae-captae
649 960 871 1038 forent
884 992 918 1050 ,²
941 962 1053 1038 sed
1083 994 1248 1067 quae
1279 971 1356 1040 ab
1385 968 1525 1044 aliis
1550 972 1807 1069 regibus
1830 965 2280 1069 gentibusque,

226 1076 355 1142 Cn.
386 1068 726 1141 Manlium
758 1075 1107 1142 inimicum
1141 1068 1471 1168 incessens.
1572 1079 1657 1147 Et
1685 1080 1756 1147 L.
1769 1078 2028 1172 ScipiO,
2081 1097 2282 1173 quem

184 1233 191 1244 .
227 1181 441 1271 magis
470 1196 600 1269 pro
621 1166 720 1256 se,
766 1199 961 1273 quam
1005 1172 1300 1246 adversus
1337 1176 1595 1275 legem,
1643 1176 1977 1251 didurum
2020 1173 2284 1274 adpare-

224 1278 371 1361 bat,
413 1271 723 1348 diffinasor
744 1274 1068 1373 processit.-
1101 1284 1154 1348 is
1194 1279 1345 1377 post
1388 1299 1677 1352 mortem
1721 1287 1788 1354 P.
1816 1276 2114 1353 Africani
2159 1273 2284 1349 fra-

221 1386 381 1463 triS,
419 1385 540 1450 viri
557 1386 880 1453 ,omnium
909 1374 1240 1454 fortiffimi
1273 1380 1773 1485 clariffimique,
1810 1411 1956 1455 eam
1989 1402 2283 1455 exortam

224 1490 649 1579 rogationem
694 1481 787 1555 est
833 1485 1243 1583 conquestus.
1337 1488 1638 1559 Parum
1679 1494 1844 1561 enim
1865 1484 2108 1584 fuiffit,
2149 1511 2283 1558 non

224 1590 498 1659 laudari
531 1610 667 1679 pro
709 1586 974 1681 Rostris
1016 1592 1105 1661 P.
1141 1589 1554 1682 :Africanum
1584 1592 1738 1685 post
1783 1606 2090 1673 mortem,
2165 1590 2293 1688 mfi
2398 1680 2403 1691 .

225 1694 422 1762 etiam
469 1688 901 1785 aedusaretur.
971 1697 1103 1766 ‘Et
1144 1694 1728 1793 Karthaginiensis
1772 1698 1982 1797 exfilio
2027 1696 2287 1765 Hanni-

222 1798 400 1866 balis
429 1808 761 1867 contentos
802 1791 952 1891 effe·
1004 1801 1323 1891 populum
1361 1801 1734 1872 Romanum
1780 1825 1862 1887 ne
1907 1813 2115 1870 morto
2152 1801 2286 1892 qui-

225 1902 374 1970 dem
405 1899 491 1967 P.
522 1900 843 1991 Scipionis
868 1897 1186 1993 exsatiari
1200 1954 1222 1985 ,
1262 1904 1391 2003 nist
1415 1917 1479 1975 et
1502 1904 1906 2003 ipsus-fama
1918 1901 2163 1998 sepulti
2195 1905 2287 1970 Ia-

220 2017 518 2083 caretur,
572 2016 633 2072 et
654 2003 893 2101 frates
937 2002 1234 2099 insequar,
1297 2007 1540 2099 accffo
1582 2008 1903 2090 invidiae,
1953 2004 2287 2077 maHetur.

221 2108 335 2179 M.
368 2109 536 2175 Cato
566 2100 749 2174 suasst
780 2112 1234 2199 rogationem,
1277 2108 1518 2194 (exstat
1542 2118 1754 2182 oratio
1801 2117 1932 2203 ejus
1976 2104 2059 2180 de
2099 2130 2289 2207 pecu·

223 2215 344 2281 nia
374 2212 544 2303 regis
580 2209 931 2298 Antiochi)
959 2226 1020 2277 et
1038 2210 1422 2279 Mummios
1444 2212 1742 2283 tribunos
1772 2213 2149 2283 auctoritate
2183 2206 2292 2281 de-

223 2316 495 2393 terruit,
542 2335 628 2379 ne
657 2302 1132 2382 adversarentur
1161 2316 1509 2410 rogationi.
1611 2316 2110 2385 Remittentibus
2131 2339 2292 2408 ergo

220 2421 336 2490 his
376 2408 945 2498 interceffionem,
1000 2439 1234 2486 omnes
1277 2416 1514 2499 tribus,
1563 2423 1659 2489 uti
1700 2411 2058 2517 rogaffent,
2086 2495 2093 2498 ,
2114 2410 2292 2510 juffe-

216 2541 403 2594 runt*-

376 2626 518 2695 LV.
560 2625 697 2696 Ser.
724 2622 1017 2721 Sulpicio
1042 2617 1285 2695 deinde
1314 2616 1637 2697 referente
1656 2678 1678 2708 ,
1727 2649 1925 2724 quem
1955 2627 2297 2721 rogatione

219 2727 494 2801 Petillia
541 2752 842 2825 quaerere
884 2725 1165 2811 vellent,
1203 2729 1725 2824 QTerentium
1758 2717 2153 2800 Culleonem
2187 2730 2297 2796 Pa-

220 2851 356 2903 tres
386 2825 716 2925 jusserunt.
819 2825 926 2903 Ad
954 2833 1135 2902 hunc
1163 2850 1567 2930 praetorem,
1608 2829 1774 2904 adeo
1810 2837 2101 2904 amicum
2130 2833 2296 2901 Cor-

221 2936 450 3009 neliae
496 2928 830 3018 familiae,
894 2952 999 3018 ut,
1074 2941 1188 3034 qui
1229 2938 1487 3006 Romae
1538 2953 1878 3008 mortuum
1921 2934 2301 3033 elatumque-

219 3039 292 3112 Pss
326 3044 722 3136 Scipionem
758 3035 894 3126 (est
919 3044 1099 3110 enim
1132 3066 1207 3110 ea
1235 3061 1496 3139 quoque
1521 3034 1740 3134 fama)
1769 3035 2059 3122 tradunt,
2099 3037 2296 3136 pilea·

218 3162 414 3226 tum,
455 3139 622 3213 ficut
653 3149 722 3212 in
751 3147 1094 3240 triumpho
1127 3149 1322 3227 ierat,
1361 3150 1434 3214 in
1462 3137 1696 3216 funere
1729 3170 1994 3244 quoque
2019 3163 2168 3214 ante
2209 3139 2300 3211 le·

221 3248 416 3319 «stum
465 3239 616 3327 isse,
653 3252 1017 3317 memoriae
1061 3241 1517 3344 prodiderint,
1556 3272 1621 3320 et
1661 3245 1741 3320 ad
1782 3268 2043 3346 portam
2091 3251 2299 3342 Cape-

220 3379 390 3442 nam
418 3345 720 3423 mulsum
752 3345 1098 3447 prosecutis
1125 3346 1324 3421 funus
1348 3347 1591 3421 dedisse
1609 3404 1630 3435 ,
1673 3348 1851 3450 quod
1879 3351 1957 3421 ab
2000 3375 2083 3420 eo
2102 3409 2107 3416 .
2126 3355 2297 3419 inter

219 3455 737 3550 alios-captivos
781 3458 854 3523 in
899 3447 1120 3523 Africa
1163 3478 1242 3524 ex
1287 3450 1580 3524 hostibus
1626 3471 1921 3551 receptus
1966 3446 2145 3523 effet:
2188 3467 2298 3520 aut

218 3557 394 3633 adeo
439 3562 798 3630 inimicum
840 3552 1188 3639 eumdem,
1233 3575 1305 3626 ut
1343 3577 1615 3656 propter
1651 3553 1975 3654 infignem
2019 3551 2302 3625 fimulta·

222 3683 365 3737 tem
395 3663 480 3734 ab
507 3687 586 3733 ea
614 3654 937 3744 factione,
974 3685 1136 3760 quae
1173 3656 1432 3731 adversa
1460 3661 1872 3757 Scipionibus
1914 3678 2084 3742 erat,
2129 3654 2302 3727 dele·

226 3771 372 3840 stus
431 3764 512 3837 snt
556 3759 966 3860 potiffimum
1011 3761 1090 3836 ad
1132 3761 1576 3864 quaestionem
1615 3759 2044 3836 exercendam
2061 3788 2095 3846 3-
2139 3777 2300 3830 cete·

224 3897 384 3945 rum
417 3867 504 3941 ad
539 3873 732 3954 hunc⁸
745 3873 944 3940 nimis
977 3895 1254 3968 aequum
1284 3888 1392 3939 aut
1421 3874 1727 3969 iniquum
1754 3886 2121 3966 praetorem
2154 3888 2299 3933 reus

227 3970 587 4070 extemplo
613 3965 820 4041 faetus
848 3975 917 4043 L.
947 3975 1207 4071 Scipio,
1246 3969 1445 4044 fimul
1475 3989 1536 4043 et
1566 3967 1769 4043 delata
1801 3990 1863 4041 et
1893 3988 2146 4066 recepta
2182 3989 2301 4036 no-

225 4084 426 4157 mina
470 4074 847 4173 legatorum
899 4082 1066 4166 ejus,
1118 4081 1198 4149 A.
1239 4097 1301 4146 et
1336 4080 1405 4148 L.
1448 4073 1902 4148 Hostiliorum
1943 4077 2301 4152 Catonum,

1245 4183 1355 4254 Z'z
1390 4204 1436 4269 ς
1546 4215 1551 4220 ·
1994 4215 1999 4220 -
2046 4203 2051 4206 ·
2192 4192 2298 4246 ὀε
