2732 4671
764 254 982 335 ἰιι
1036 287 1268 346 xxxx
1388 285 1579 337 car.
1643 290 1798 335 xi.-
1894 237 1908 251 ⁶
2139 286 2290 353 345

222 471 403 536 tum3
456 449 570 522 ubi
611 448 981 549 pervastatis
1018 446 1248 549 paffim
1293 456 1498 550 agriS‚
1550 456 1628 524 in
1665 450 1996 546 Elimeam
2027 445 2091 522 se
2122 476 2290 525 rece·
2357 515 2362 522 .

218 564 338 657 pit.
388 551 550 625 inde
578 560 877 652 inpetum
904 560 979 625 in
1009 551 1383 636 Orestidem
1410 550 1604 641 fecit3
1649 572 1712 626 et
1755 552 2078 653 oppidum
2108 555 2292 627 Cele-

216 673 400 730 trum
441 655 533 728 est
557 653 916 756 adgressus,
959 664 1032 732 in
1077 654 1424 755 peninsula
1463 655 1677 732 fitum.
1777 663 1979 733 Lacus
2024 664 2324 733 moenia·

219 767 475 860 cingit:
536 759 818 860 angustis
857 754 1149 842 faucibus
1198 789 1412 834 unum
1464 766 1543 833 ex
1600 767 1970 839 continenti
2025 769 2148 832 iter
2183 760 2294 834 est.

217 868 462 939 Primo
489 862 611 944 situ
641 860 784 962 ipso
809 853 962 938 freti
981 919 1003 948 ‚
1053 861 1279 938 clausis
1305 871 1548 962 portis,
1592 873 1951 963 imperium
1978 866 2255 940 abnuere
2273 892 2295 937 τ

222 964 514 1050 deinde,
588 967 933 1067 postquam
972 966 1155 1067 signa
1194 964 1395 1052 ferri,
1436 997 1510 1042 ac
1554 965 1872 1045 testudine
1911 963 2167 1041 succedi
2211 965 2296 1043 ad

220 1094 539 1171 portam,
612 1066 1000 1172 obsess‘asque
1056 1067 1275 1144 fauces
1331 1078 1597 1172 agmine
1641 1069 1936 1148 hostium
1974 1068 2299 1156 viderunt,

221 1171 612 1275 priusquam
650 1181 1095 1274 experirentur
1131 1195 1497 1260 certamen,
1547 1195 1728 1250 metu
1766 1175 1850 1247 in*
1884 1173 2296 1249 deditionem

224 1297 573 1354 venerunt.
677 1281 780 1351 Ab
811 1277 1078 1372 Celetro
1118 1284 1194 1351 in
1224 1276 1609 1356 Dassaretios
1657 1277 1994 1379 proceffit‚
2036 1279 2297 1366 urbem-

150 1421 157 1436 ·
274 1409 359 1455 ue
391 1380 646 1456 Pelium
677 1386 747 1453 vi
775 1387 966 1481 cepit.
1011 1377 1271 1456 servitia
1296 1381 1451 1456 inde
1482 1411 1639 1460 cum
1670 1403 1876 1464 cetera
1914 1379 2151 1482 praeda
2194 1383 2296 1454 ab·

228 1409 450 1570 duxit,
493 1506 560 1559 et
598 1479 802 1559 libera
843 1491 1051 1585 capita
1090 1483 1229 1559 fine
1267 1494 1478 1586 pretio
1524 1483 1802 1562 dimifit:
1844 1485 2299 1587 oppidumque

233 1595 311 1667 iis
355 1584 675 1673 reddidit,
721 1586 1045 1687 praesidio
1091 1587 1315 1663 valido
1361 1588 1665 1689 inposito.
1711 1618 1869 1662 nam
1920 1612 1984 1664 et
2028 1588 2141 1662 fita
2185 1615 2301 1688 op·
2352 1665 2362 1688 Ι

233 1713 515 1790 portune
545 1692 698 1764 urbs
727 1712 857 1765 erat
893 1690 976 1765 ad
1015 1699 1272 1793 inpetus
1311 1701 1386 1766 in
1425 1683 1897 1769 Madedoniam
1940 1689 2298 1769 faciendos.

234 1800 326 1868 Ita
353 1802 705 1896 peragratis
745 1794 1040 1868 hostium
1080 1805 1281 1897 agris,
1325 1794 1555 1877 consul
1598 1805 1672 1871 in
1710 1798 1861 1874 loca
1903 1805 2035 1893 jam
2078 1816 2299 1894 pacata

238 1894 317 1972 ad
344 1899 821 1999 Apolloniam,
872 1897 1049 1979 unde
1078 1897 1257 1975 orsus
1282 1900 1536 1985 bellum
1562 1922 1718 1987 erat,
1761 1909 1986 2001 copias
2019 1898 2295 1974 reduxit.

239 2003 621 2102 Philippum
651 2023 1007 2080 averterant
1036 2004 1295 2089 Aetoli,
1336 2025 1400 2082 et
1423 2009 1856 2090 Athamanes,
1892 2024 1957 2077 et
1983 2000 2301 2087 Dardani,

238 2128 300 2184 et
326 2128 425 2186 tot
453 2107 624 2179 bella
650 2127 916 2206 repente
957 2108 1079 2182 alia
1121 2136 1202 2182 ex
1237 2108 1382 2188 aliis
1419 2109 1590 2190 locis
1629 2129 1873 2187 exorta.
1975 2102 2299 2180 Adversus

239 2207 620 2295 Dardanos.
664 2219 795 2306 jam
841 2219 1219 2311 recipientes
1263 2238 1340 2285 ex
1372 2211 1771 2290 Macedonia
1808 2206 1977 2294 sese,
2021 2215 2302 2282 Athena-

243 2340 479 2411 goram
507 2344 659 2389 eum
689 2311 1002 2413 expeditis
1030 2311 1351 2414 peditibus
1380 2344 1454 2387 ac
1482 2322 1731 2411 majore
1766 2335 1950 2414 parte
1987 2320 2302 2413 equitatus
2355 2327 2361 2337 ’

244 2414 464 2502 misit,
510 2415 735 2513 jussum
766 2419 1003 2497 instare
1030 2420 1109 2493 ab
1144 2439 1331 2518 tergo
1375 2419 1786 2499 abeuntibus,
1837 2433 1936 2499 et,
1974 2412 2302 2515 carpendo

241 2521 656 2620 postremum
698 2551 974 2623 agmen,
1021 2513 1354 2622 segniores
1399 2548 1512 2623 eos
1555 2517 1637 2593 ad
1683 2515 2049 2595 movendos
2088 2517 2303 2598 domo

242 2631 560 2699 exercitus
598 2626 875 2700 efficere.
1017 2625 1288 2707 Aetolos
1331 2628 1755 2699 Damocritus
1812 2642 2108 2723 praetor,
2189 2628 2308 2722 qui

245 2744 497 2803 morae·
528 2727 610 2809 ad
658 2728 1148 2809 decernendum
1205 2729 1455 2802 bellum
1511 2727 1596 2805 ad
1631 2729 2041 2829 Naupafium
2079 2728 2309 2799 audior

242 2828 475 2918 fuerat,
522 2832 702 2907 idem
726 2841 1047 2934 proximo
1074 2833 1365 2907 concilio
1395 2829 1477 2908 ad
1509 2860 1686 2911 arm-a
1719 2838 2123 2911 conciverat:
2165 2828 2311 2930 post

229 2932 494 3016 {amam
522 2939 832 3039 equestris
856 2934 940 3012 ad
965 2937 1425 3038 Oilolo'phum
1459 2964 1755 3037 pugnae,
1816 2932 2312 3041 Dardanorum-

244 3068 365 3141 que
415 3066 482 3114 et
526 3042 803 3115 Pleurati
849 3070 1004 3117 cum
1043 3040 1289 3135 Illyriis
1329 3039 1667 3123 transitum
1711 3048 1788 3117 in
1816 3037 2310 3125 Macedoniam,

244 3143 319 3224 ad
350 3151 521 3220 haec
557 3143 756 3218 claffis
785 3151 1130 3223 Romanae
1165 3142 1518 3221 adventum
1549 3152 1623 3217 in
1650 3148 1940 3228 Oreum,
1991 3166 2074 3229 et,
2120 3140 2313 3242 super

245 3243 672 3329 circumfusas
700 3269 794 3321 tot
819 3246 1259 3328 Macedoniae
1295 3270 1555 3350 gentes,
1598 3253 2003 3331 maritimam
2047 3271 2313 3348 quoque

243 3353 596 3433 instantem
623 3350 1059 3429 obsidionem.
2071 3394 2082 3403 -ν

384 3462 556 3534 XLI.
608 3461 757 3531 Hae
795 3453 1036 3537 caussae
1080 3458 1548 3533 Damocritum
1591 3447 1990 3552 Aetolosque
2034 3449 2316 3523 restitue*

246 3580 392 3635 rant
434 3564 789 3639 Romanis:
871 3581 969 3646 et.
1031 3556 1476 3652 Amynandro
1521 3584 1674 3657 rege
1717 3561 2168 3636 Athamanum
2209 3548 2315 3631 ad-
2391 3640 2398 3651 .

244 3667 511 3758 juncto,
552 3660 835 3764 profe&
863 3669 1247 3739 Cercinium
1295 3659 1622 3738 obsedere.
1749 3656 2124 3733 Clauserant
2166 3681 2317 3755 por·

250 3790 377 3854 tas,
433 3776 760 3848 incertum
801 3777 903 3852 vi,
940 3796 1026 3847 an
1069 3766 1441 3841 voluntate:
1503 3772 1655 3865 quia
1696 3772 1954 3865 regium
1995 3762 2320 3839 habebant

247 3868 666 3975 praesidium.
772 3875 1083 3949 Ceterum
1115 3879 1279 3955 intra
1307 3895 1550 3969 paucos
1578 3866 1716 3946 dies
1747 3886 2009 3966 captum
2041 3863 2130 3936 est
2161 3867 2322 3942 Cer*

244 3984 543 4060 ciuium,
577 4005 615 4052 a
688 4003 774 4049 ue
803 3972 1163 4050 incensum.
1213 3982 1325 4075 qui
1356 3964 1803 4072 superfuerant
1833 3997 1869 4041 e
1911 3994 2147 4073 magna
2193 3965 2325 4044 clas

246 4079 369 4167 de,
412 4081 608 4163 liberi
663 4086 970 4190 ervique,⁴
1016 4086 1184 4161 inter
1216 4099 1499 4151 ceteram
1525 4071 1839 4182 praedam
1880 4070 2157 4154 abducti.
2256 4075 2325 4147 Is

1250 4183 1310 4262 Ἰ
1356 4205 1395 4275 5
1861 4177 1883 4200 ⁶
2102 4180 2321 4256 timor
2399 4254 2408 4259 ,
