2732 4671
350 249 496 331 με·
581 221 586 224 ’
1061 252 1136 305 ¹1¹.
1237 257 1278 303 1.
1322 257 1348 301 1
1403 243 1597 303 vix

357 424 598 506 deinde
653 441 916 525 quantas
965 419 1265 522 peditum
1324 412 1751 522 equitumque
1786 409 2020 518 topi-as*
2057 417 2437 517 praebituri

355 534 699 614 Antiocho
732 526 815 600 ad
847 526 1101 598 bellum
1128 520 1358 596 essent:
1400 550 1561 625 quae
1585 524 1732 596 loca
1760 522 2156 595 terrestribus
2191 519 2439 620 copiis,

362 662 526 737 quos
556 652 781 732 portus
810 635 1181 702 maritimis,
1278 631 1474 701 Tum
1501 624 1583 699 de
1609 623 1921 726 Philippo
1964 645 2024 696 et
2054 625 2314 699 Nabide
2359 628 2440 698 li·
2484 677 2495 690 .

361 742 526 814 bero
567 732 915 809 mendacio
945 732 1346 805 abutebatur:
1388 747 1711 826 paratum
1735 746 2089 828 utrumque
2118 735 2210 801 ad
2238 733 2439 803 rebel·

362 844 634 921 landum
666 837 811 941 effi:
856 853 919 913 ct
932 841 1224 930 primam
1262 859 1568 934 quamque
1594 837 1967 934 occasionem
1994 837 2439 926 recuperandi

366 972 477 1030 ea,
537 969 699 1042 quae
732 944 904 1014 bello
952 938 1323 1040 amifiſj'ent,
1369 944 1780 1032 adrepturos.
1908 942 2004 1007 Ita
2043 963 2165 1036 per
2214 958 2437 1009 totum

363 1046 564 1121 fimul
590 1047 825 1117 orbem
867 1064 1183 1116 terrarum
1213 1043 1437 1115 Aetoli
1482 1045 1803 1114 Romanis
1848 1045 2265 1114 concitabant
2303 1042 2439 1113 bel-

364 1153 528 1233 lum.
570 1176 753 1247 reges
780 1170 1004 1221 tamen
1032 1167 1304 1219 autnon
1333 1153 1537 1229 moti,
1578 1165 1689 1217 aut
1715 1140 1952 1217 tardius
1983 1151 2154 1216 moti
2180 1141 2347 1218 sunt.

515 1258 687 1326 XIII.
734 1252 935 1325 Nabis
965 1250 1300 1349 extemp'lo
1343 1257 1516 1323 circa
1563 1275 1791 1322 omnes
1833 1255 2011 1321 vicos
2060 1255 2442 1321 maritimos

371 1354 655 1441 dimisit,
693 1354 775 1430 ad
803 1351 1161 1460 seditiones
1201 1361 1276 1426 in
1322 1361 1404 1425 iis
1443 1349 1839 1426 miscendas:
1880 1371 1944 1422 et
1982 1352 2147 1424 alios
2192 1359 2443 1450 princi·

367 1488 532 1582 pum
568 1456 762 1532 donis
791 1456 872 1530 ad
903 1455 1084 1531 suam
1114 1454 1391 1530 cauffam
1431 1454 1769 1556 perduxit,
1808 1455 1973 1528 alios
2018 1463 2441 1552 pertinaciter

369 1591 440 1636 m
475 1559 776 1635 societate
789 1566 1094 1634 Romana
1121 1583 1457 1634 manentes
1483 1557 1747 1633 occidit.
1830 1564 2108 1632 Achaeis
2126 1566 2443 1634 omnium

369 1672 862 1747 maritimorum
902 1670 1248 1745 Laconum
1290 1661 1688 1737 tuendorum
1729 1693 1766 1735 a
1806 1667 1898 1734 T.
1929 1666 2249 1762 Qindtio
2288 1671 2442 1742 ctlra

372 1768 677 1845 mandata
705 1789 855 1844 erat.
903 1775 991 1841 ita
1038 1797 1115 1841 ue
1133 1788 1146 1864 g
1164 1767 1502 1867 extemplo
1545 1788 1606 1840 et
1653 1764 1736 1839 ad
1776 1786 2138 1859 tyrannum
2188 1766 2438 1867 legatos

375 1870 754 1957 miserunt„
789 1881 914 1972 qui*
947 1797 1384 1947 agmonerent
1420 1866 1709 1944 foederis
1746 1897 1902 1943 eum
1945 1876 2273 1964 Romani,
2334 1868 2438 1942 d&

375 1983 923 2075 nunciarentque,
966 2002 1051 2047 ne
1083 2003 1350 2075 pacem,
1393 2002 1593 2075 quam
1624 1996 1964 2075 tantopere
1988 1970 2264 2074 petisset,
2311 1994 2440 2048 mr-

373 2079 587 2150 baret:
636 2099 697 2151 et
726 2079 971 2153 auxilia
1012 2077 1095 2152 ad
1143 2084 1509 2172 Gythium,
1550 2077 1733 2179 quod
1770 2086 1903 2174 jam
1948 2080 2438 2179 obpugnabat-tr

373 2211 414 2258 a
439 2202 759 2275 tyranno„
803 2203 865 2254 et
907 2187 1237 2269 Romam,
1283 2189 1400 2284 qui
1437 2209 1514 2254 ea
1557 2188 1975 2267 nunciarent,
2028 2183 2278 2283 legatos
2319 2187 2442 2255 mi-
2478 2179 2499 2184 “

372 2282 615 2360 serunt.
717 2292 1089 2361 Antiochus
1119 2314 1267 2373 rex,
1307 2313 1383 2359 ea
1428 2291 1651 2359 hieme
1675 2290 1965 2385 Raphiae
2006 2291 2444 2361 ixi-Phoenice

376 2391 761 2465 Ptolemaeo
789 2399 929 2490 regi
946 2396 1234 2491 Aegypti
1262 2391 1402 2465 fllia
1418 2397 1488 2463 in
1504 2397 2010 2464 matrimonium
2036 2389 2202 2475 data,
2231 2419 2442 2493 quum

378 2498 815 2570 Antiochiam
853 2492 920 2568 se
958 2493 1317 2595 recepisset,
1372 2523 1491 2595 per
1531 2495 1874 2578 Ciliciam,
1927 2498 2164 2568 Tauro
2209 2520 2443 2570 monte

377 2594 714 2696 superam,
756 2619 1055 2672 extremo
1082 2608 1215 2694 jam
1249 2605 1489 2671 hiemis
1523 2595 1860 2697 Ephesum
1903 2606 2240 2697 pervenit:
2286 2597 2441 2672 inde

378 2708 720 2805 principio
749 2709 954 2787 veris,
995 2707 1339 2776 Antiocho
1363 2702 1514 2774 filio
1559 2697 1753 2774 misso
1791 2709 1866 2775 in
1902 2707 2167 2794 Syriam
2210 2699 2297 2774 ad
2336 2730 2441 2776 cu-

376 2801 666 2881 stodiam
692 2803 1073 2878 ultimarum
1101 2812 1383 2906 partium
1427 2813 1652 2904 regni,
1694 2833 1780 2877 ne
1826 2803 2021 2906 quid,
2059 2802 2317 2879 absente
2356 2801 2441 2891 se,

380 2906 463 2980 ab
489 2926 677 3005 tergo
712 2928 1123 2992 moveretur,
1164 2905 1301 3007 ipse
1342 2937 1499 2980 cum
1540 2911 1853 2981 omnibus
1892 2907 2292 2985 terrestribus
2338 2936 2441 2983 co*

377 3014 507 3112 piis
536 3007 616 3081 ad
647 3006 920 3098 Pisidas,
967 3016 1080 3109 qui
1113 3018 1281 3082 circa
1310 3008 1540 3084 Sidam
1574 3013 1916 3097 incolunt,
1958 3012 2436 3113 obpugnandos

381 3109 472 3181 est
498 3109 849 3209 profestus.
951 3118 1056 3186 Eo
1102 3133 1404 3214 tempore
1443 3113 1639 3214 legati
1679 3121 1989 3189 Romani·
2017 3123 2083 3189 Ρ.
2112 3118 2438 3217 Sulpicius

380 3234 444 3287 et
467 3222 536 3307 ²²)
564 3219 629 3286 Ρ.
648 3212 924 3299 vimus,
976 3221 1091 3315 qui
1116 3213 1198 3288 ad
1215 3223 1627 3292 Antiochum
1660 3217 1854 3308 (ficut
1877 3241 2024 3292 ante
2054 3218 2309 3297 dietum
2324 3220 2441 3316 ess)

380 3315 557 3395 miffi
600 3338 816 3401 erant,
857 3316 1213 3421 jussiprius
1254 3327 1632 3396 Eumenem
1675 3321 1888 3423 aglire,
1940 3325 2215 3399 Elaeam
2256 3351 2441 3399 vene·

380 3448 492 3509 τος
546 3420 703 3496 inde
744 3427 1144 3523 Pergamum
1184 3427 1313 3513 (ibi
1357 3433 1537 3525 regia
1579 3433 1896 3500 Eumenis
1932 3423 2098 3525 fuit)
2145 3424 2441 3525 escende-

382 3546 538 3599 ntnt
564 3534 670 3623 v).
782 3526 1078 3627 Cupidus
1120 3530 1276 3602 belli
1320 3526 1616 3604 adversus
1657 3536 2072 3605 Antiochum
2111 3539 2441 3608 Eumenes

385 3652 552 3714 erat,
598 3657 903 3729 gravem,
946 3630 996 3705 fi
1026 3660 1156 3733 pax
1198 3628 1382 3719 effet,
1424 3632 1727 3708 adcolam
1774 3654 1950 3708 tanto
1991 3636 2439 3735 potentiorem

384 3758 618 3832 regem
651 3731 955 3822 credens;
998 3733 1345 3822 eumdem,
1384 3736 1436 3812 fi
1479 3757 1742 3811 motum
1784 3738 2036 3811 bellum
2076 3737 2264 3826 effet,
2303 3767 2439 3814 non

386 3843 600 3935 magis
629 3864 855 3935 parem
884 3842 1209 3912 Romanis
1242 3835 1426 3927 sore,
1472 3868 1670 3943 quam
1699 3842 2038 3941 Philippus
2080 3840 2335 3918 fuiss'et:
2380 3866 2438 3918 et

386 3959 493 4015 eut
518 3934 808 4017 funditus
836 3938 1157 4021 sublatum
1186 3950 1302 4020 iri:
1350 3965 1482 4031 aut,
1507 3943 1558 4017 fi
1575 3972 1702 4047 pax
1726 3935 1907 4019 vicio
1927 3942 2205 4034 daretur,
2236 3948 2437 4021 multa

2338 4052 2435 4130 illi

457 4173 541 4243 ιι)
574 4172 745 4267 σεοάαὶ.
772 4176 931 4231 Gran.
964 4179 1102 4235 creo.
1265 4254 1272 4258 ι
1523 4181 1604 4258 ν)
1641 4178 1950 4252 ascendente
1972 4185 2138 4244 Grou.
2157 4188 2307 4244 Crev.
