2732 4671
721 258 1244 307 umxxnx
1362 257 1847 333 cnmxxxt
2013 233 2296 326 *²767

243 450 455 497 unum
502 412 768 508 locum,
825 429 974 523 quia
1014 428 1146 518 jam
1188 428 1444 523 moveri
1482 417 1785 495 videbant
1825 421 2122 507 hostem,
2175 449 2301 495 nec
2391 472 2404 489 .

237 523 518 629 spatium
560 546 690 600 erat
729 525 928 619 castra
973 522 1519 610 communiendi,
1580 533 1790 603 aciem
1842 526 2299 600 instruxerunt.

236 636 314 704 in
342 628 569 703 medio
594 631 842 703 locatae
873 636 1093 731 quinta
1122 629 1466 728 Calpurnii
1496 629 1679 729 legio
1722 651 1785 701 et
1827 632 2057 702 ossava
2095 633 2299 728 Quin-
2345 670 2356 689 ι

241 737 375 811 etii.
415 731 490 806 id
517 737 717 807 robur
743 754 884 806 toto
915 741 1201 807 exercitu
1241 738 1391 805 erat.
1494 737 1828 833 Campum
1866 753 2162 832 apertum
2206 729 2301 805 us·

291 865 373 910 ue
409 834 490 909 ad
529 837 825 912 hostium
870 837 1069 911 castra
1111 838 1470 923 habebant,
1516 837 1889 917 liberurna
1933 858 2117 910 metu
2153 833 2303 909 infi-

242 865 519 1014 Riarum.
672 990 680 997 -

389 1048 617 1117 XXXI.
655 1041 967 1143 Hispani,
1007 1043 1353 1145 postquam
1386 1051 1457 1117 in
1487 1050 1790 1117 citeriore
1831 1048 1974 1144 ripa
2005 1038 2139 1116 duo
2167 1045 2302 1115 Ro·

242 1173 599 1221 manorum
636 1155 902 1246 agmina
940 1144 1446 1246 conspexerunt,
1498 1169 1599 1245 ut,
1647 1144 2022 1249 priusquam
2066 1142 2130 1217 se
2166 1136 2304 1241 J‘un·
2347 1204 2354 1213 .

242 1274 399 1350 gere
427 1270 617 1351 atque
639 1250 952 1323 instruere
978 1249 1265 1349 possent,
1308 1272 1706 1350 occuparent
1753 1278 1900 1337 eos,
1950 1248 2167 1325 castris
2207 1274 2304 1320 re·
2402 1338 2408 1349 ι

242 1374 438 1453 pente
463 1350 650 1428 effufi
677 1350 861 1427 cursu
905 1352 986 1426 ad
1027 1382 1324 1455 pugnam
1360 1351 1652 1428 tendunt.
1753 1361 1965 1429 Atrox
2008 1362 2083 1427 in
2122 1359 2304 1454 prin·

205 1455 208 1459 ’
242 1464 428 1556 cipio
457 1458 788 1557 proelium
820 1452 982 1543 fuit,
1024 1477 1086 1531 et
1114 1455 1424 1558 Hispanis
1454 1465 1697 1532 recenti
1749 1460 2025 1532 viefl'oria
2064 1455 2305 1529 feroci·

132 1624 143 1636 .
244 1561 399 1643 bus,
450 1582 512 1633 et
543 1557 789 1633 insueta
816 1555 1187 1661 ignominia
1214 1562 1425 1635 milite
1450 1565 1768 1649 Romano
1791 1558 2086 1637 accenso·
2129 1587 2304 1635 acer·

243 1670 417 1737 rime
461 1662 681 1738 media
722 1671 930 1751 acies,
1007 1663 1171 1741 duae
1198 1662 1583 1739 fortissimae
1622 1666 1959 1764 legiones,
2029 1662 2305 1737 dimica-

144 1822 149 1827 ·
240 1768 431 1854 bant3
504 1795 657 1868 quas
698 1796 905 1869 quum
946 1768 1135 1841 aliter
1183 1778 1440 1844 moveri
1469 1770 1644 1859 ¹loco
1687 1796 1829 1842 non
1870 1766 2053 1869 poffe
2095 1766 2305 1840 hostis

244 1893 566 1956 cerneret,
606 1898 819 1945 cuneo
851 1871 1077 1944 institit
1101 1900 1422 1973 pugnare:
1472 1895 1535 1945 et
1571 1870 1767 1973 usque
1797 1874 2017 1972 plures
2044 1866 2307 1944 confer-

239 1971 602 2075 tioresque,
658 1973 919 2048 medios
959 1978 1334 2076 urguebant.
1482 1978 1581 2048 Ibi
1622 1977 1968 2076 postquam
2005 1977 2316 2051 laborare

242 2085 457 2157 aciem
485 2078 880 2175 Calpurnius
910 2099 1170 2174 praetor
1214 2079 1413 2164 vidit,
1455 2084 1545 2152 T.
1577 2076 2019 2178 Qintst'ilitun
2050 2086 2308 2153 Varum

245 2187 395 2274 etp)
425 2184 493 2252 L.
520 2185 896 2269 juventium
922 2181 1264 2253 Thalnam
1289 2182 1541 2278 legatos
1571 2182 1651 2252 ad
1678 2182 1959 2283 lingulas
1998 2184 2303 2283 legiones

243 2280 674 2360 adhortandas
715 2296 994 2380 propere
1040 2290 1257 2360 mittit.
1381 2288 1645 2363 Docere
1687 2307 1749 2357 et
1788 2312 2067 2359 monere
2108 2287 2305 2381 jubet,

240 2392 316 2459 in
344 2386 669 2480 iuis-spem
700 2412 940 2458 omnem
971 2391 1266 2486 vincendi
1292 2402 1355 2460 et
1380 2392 1756 2474 retinendae
1783 2390 2147 2485 Hzspaniae
2172 2387 2307 2486 (ffb.

246 2493 320 2562 Si
344 2494 610 2584 illigloco
644 2493 904 2575 cedant,
940 2495 1250 2576 neminem
1280 2494 1418 2590 ejus
1448 2498 1763 2565 exercitus
1791 2520 1923 2566 non
1955 2496 2304 2574 modoIta-
2381 2531 2388 2542 .

242 2597 441 2678 liam,
474 2592 603 2688 sed
641 2620 721 2666 ne
772 2593 950 2692 Tagi
996 2601 1246 2693 quidem
1287 2600 1659 2669 ulteriorem
1700 2601 1946 2691 ripam,
1995 2619 2303 2692 umquam

244 2697 554 2794 visurum.
655 2693 831 2797 Ipse,
873 2724 1027 2770 cum
1058 2700 1378 2800 equitibus
1415 2696 1696 2774 duarum
1734 2700 2079 2801 legionum
2124 2698 2304 2798 paul-

240 2799 462 2876 lulum
491 2804 999 2886 circumvectus,
1036 2808 1110 2874 in
1153 2829 1436 2876 cuneum
1471 2804 1799 2889 hostium,
1842 2813 1953 2905 qui
2001 2803 2303 2876 mediam

240 2906 559 3003 urguebat
583 2909 828 2990 aciem,
870 2907 948 2977 ab
976 2905 1175 2979 latere
1205 2913 1492 2980 incurrit.
1596 2911 1939 3010 Qinfiius
1967 2934 2123 2980 cum
2166 2902 2298 2979 suis

241 3010 568 3108 equitibus
593 2997 879 3090 alterum.
896 3008 1190 3084 hostium
1214 3011 1379 3083 latus
1404 3009 1683 3096 invadit:
1725 3008 1835 3084 scd
1864 3013 2070 3110 longe
2089 3017 2299 3084 acrius

240 3112 671 3210 Calpurniani
699 3120 939 3214 equites
960 3116 1362 3214 pugnabant,
1402 3137 1465 3188 et
1497 3137 1755 3216 praetor
1782 3112 1919 3215 ipse
1947 3137 2097 3189 ante
2111 3114 2300 3187 alios·

236 3243 404 3290 nam
434 3223 765 3315 etprimus
792 3217 1051 3306 hostem
1083 3216 1417 3317 perculsit,
1466 3227 1644 3304 etita
1681 3216 1745 3291 se
1788 3216 2122 3293 inmiscuit
2163 3221 2300 3290 m'e-

242 3316 415 3410 diis,
456 3340 527 3392 ut
557 3327 702 3405 vix,
748 3327 952 3398 utrius
996 3330 1188 3421 partis
1235 3318 1419 3406 esset,
1458 3320 1643 3395 nosci
1681 3318 1908 3421 posset.
1950 3344 2013 3394 et
2052 3328 2306 3420 equites
2409 3321 2413 3334 ’

234 3430 560 3526 praetoris
593 3430 834 3497 eximia
864 3431 1118 3508 virtute,
1165 3445 1227 3497 et
1262 3430 1557 3525 equitum
1585 3423 1832 3524 pedites
1862 3422 2107 3498 accensi
2135 3420 2299 3502 sunt.

232 3521 464 3604 Pudor
490 3534 704 3598 movit
729 3534 985 3626 primos
1012 3535 1455 3612 centurioneS‚
1496 3535 1610 3630 qui
1640 3536 1809 3602 inter
1836 3525 1961 3608 tela
1997 3527 2301 3602 hostium

235 3651 616 3731 praetorem
648 3629 1141 3731 conspexerunt.
1240 3638 1462 3732 Itaque
1485 3658 1759 3732 urguere
1786 3627 2130 3730 signiferos
2171 3657 2299 3729 pro

234 3730 309 3807 se
354 3727 660 3833 quisque,
706 3733 928 3827 jubere
976 3731 1222 3809 inferre
1261 3732 1475 3836 signa,
1518 3757 1582 3808 et
1622 3731 1968 3809 confestim
2013 3734 2301 3809 militem

233 3833 445 3936 sequi.
549 3838 927 3911 Renovatur
951 3843 1029 3913 ab
1057 3841 1368 3912 omnibus
1399 3840 1671 3913 clamor.
1720 3848 1974 3941 inpetus
2001 3838 2076 3910 fit
2119 3838 2299 3910 velut

233 3966 325 4018 ex
365 3935 697 4038 superiore
734 3941 915 4016 loco.
1042 3941 1244 4018 Haud
1282 3940 1463 4021 secus
1500 3969 1695 4050 erge,
1753 3972 1952 4049 quam
1984 3941 2323 4016 ‘torrentis'

2083 4042 2299 4120 modo

345 4170 422 4250 p)
450 4187 499 4230 et
525 4173 628 4231 del.
656 4175 814 4233 Gm.
828 4177 967 4262 Q&-
