2732 4671
395 228 557 321 766
994 250 1005 267 ¹
1153 248 1228 309 τ.
1341 247 1702 297 ιινιι
1813 263 1836 297 ι

398 411 487 488 'ad
528 410 761 487 urbem
819 408 1172 486 deletstibus
1189 466 1212 498 ,
1284 409 1552 487 tandem
1607 419 1682 486 in
1730 419 2104 515 provincias
2167 405 2471 511 profeffi

399 515 562 592 sunt.
1401 582 1412 587 ,
2117 560 2134 583 .
2447 577 2452 591 ,

555 624 749 717 ΧΧΧ.
792 617 1052 693 Eodem
1080 644 1257 690 anno
1280 625 1351 692 in
1382 614 1702 717 Hispania
1730 642 2058 718 praetores
2091 622 2170 690 C.
2191 618 2476 717 Calpur·

400 731 543 799 nius
570 747 634 797 et
659 731 727 797 L.
760 725 1139 822 Qndtiusn
1187 748 1393 822 quum
1432 729 1653 821 primo
1701 749 1852 794 vere
1897 750 1976 794 ex
2017 724 2316 829 hibi-gnis
2360 747 2469 794 co·

400 837 541 930 pias
566 825 825 901 eductas
852 835 926 899 in
951 831 1241 898 Baeturia
1267 822 1648 921 junxissent,
1698 832 1774 898 in
1801 830 2305 924 Carpetaniam,
2352 827 2468 898 ubi

404 932 697 1021 hostium
738 929 936 1004 castra
979 936 1193 1014 erant,
1250 927 1568 1029 progreffi
1610 926 1792 1014 sunt,
1842 935 2197 1003 communi
2234 935 2465 1001 animo

406 1033 820 1135 consilioque
848 1040 1049 1133 parati
1088 1058 1231 1106 rem
1275 1058 1517 1131 gerere.
1621 1031 1823 1107 Haud
1862 1033 2100 1132 procul
2137 1038 2472 1133 Hippone

409 1159 474 1212 et
498 1139 754 1213 Toleto
784 1138 1047 1211 urbibus
1087 1142 1255 1208 inter
1288 1137 1690 1236 pabulatores
1728 1163 1951 1237 pugna
1990 1158 2129 1208 orta
2174 1134 2287 1209 estss
2333 1142 2472 1236 qui·

406 1246 524 1317 bus
554 1241 716 1315 dum
742 1248 1064 1341 utrimque
1092 1235 1467 1314 subvenitur
1496 1270 1533 1313 a
1563 1240 1810 1327 casim,
1860 1239 2202 1339 paullatim
2230 1265 2472 1311 omnes

412 1353 642 1444 copiae
670 1352 765 1421 in:
788 1351 998 1417 aciem
1043 1341 1311 1416 edudhe
1352 1340 1513 1416 sunt.
1560 1351 1635 1418 in
1676 1371 1759 1417 eo
1804 1343 2231 1416 tumultuario
2281 1365 2472 1416 certa-

406 1450 592 1523 mine
617 1467 693 1521 et
710 1448 859 1521 loca
896 1444 1007 1520 sua
1050 1465 1113 1517 et
1153 1473 1355 1544 genus
1401 1475 1658 1547 pugnae
1699 1474 1821 1548 pro
1862 1447 2049 1519 hoste
2085 1443 2294 1520 fuere.
2338 1440 2469 1519 dub

408 1559 726 1626 exercitus
739 1557 1033 1626 Romani
1058 1545 1186 1622 fusi
1216 1572 1410 1652 atque
1441 1559 1513 1623 in
1540 1552 1740 1625 castra
1771 1547 2094 1651 compulfi
2124 1546 2299 1624 sunt.
2329 1578 2477 1624 non
2563 1552 2570 1557 ’

410 1655 703 1731 institere
744 1650 1048 1754 perculfis
1088 1654 1322 1729 hostes.
1435 1660 1762 1729 Praetores
1801 1659 2089 1728 Romani
2106 1708 2128 1739 .,
2168 1682 2256 1728 ne
2303 1653 2472 1754 post·

410 1786 533 1835 ero
564 1758 672 1833 die
704 1757 918 1839 -castra
962 1760 1521 1857 obpugnarentur‚
1559 1756 2208 1858 filentio'proximae
2251 1761 2470 1830 noeiis

412 1872 610 1938 tacito
636 1861 827 1961 figno
853 1868 1206 1934 exercitum
1251 1859 1674 1959 abduxerunt.
1769 1866 1949 1935 Luce
1988 1868 2207 1961 prima
2236 1858 2475 1962 Hispa·

414 1972 490 2042 ni
519 1973 659 2039 acie
688 1963 989 2036 instructa
1018 1961 1100 2034 ad
1131 1962 1382 2035 vallum
1411 1960 1824 2051 accesserunt,
1862 1976 2193 2065 vacuaque
2223 1988 2475 2066 praeter

411 2068 597 2169 spem
629 2066 827 2141 castra
851 2062 1149 2163 ingreff1‚
1197 2093 1360 2165 quae
1389 2064 1698 2141 derelida
1725 2075 1896 2142 inter
1927 2070 2333 2142 nod-urnam
2363 2093 2474 2142 tre·

306 2218 311 2226 ·
409 2169 820 2275 pidationem
851 2189 1068 2254 erant,
1113 2158 1551 2268 diripuerunt:
1592 2200 1663 2245 re
1713 2170 1982 2273 reffique
2013 2178 2087 2244 in
2115 2170 2231 2245 sua
2260 2174 2477 2258 castra,

328 2278 366 2329 ί
462 2302 659 2351 ancos
713 2270 853 2346 dies
910 2278 1146 2374 quietis
1201 2272 1438 2348 stativis
1491 2303 1564 2348 m
1676 2297 1879 2350 erunt.
2004 2280 2476 2352 Romanorum

413 2305 914 2480 {ociorumquz
961 2378 1319 2551 insproelio
1351 2375 1656 2481 fugaque,
1704 2378 1785 2453 ad
1818 2387 2103 2482 quinque
2127 2382 2347 2454 millia
2378 2409 2477 2455 oc·

418 2483 587 2573 cisa3
630 2508 915 2586 quorum
943 2475 1008 2553 se
1065 2479 1264 2581 poliis
1288 2482 1504 2555 hostes
1533 2504 1879 2556 armarunt.
1930 2482 2475 2585 indeadTagum

414 2588 675 2665 flumen
702 2579 985 2685 profesti
1013 2580 1176 2658 sunt.
1275 2590 1606 2660 Praetores
1636 2594 1902 2661 interim
1927 2591 2220 2662 Romani
2271 2617 2476 2662 omne

419 2690 494 2766 id
522 2712 776 2790 tempus
806 2684 1268 2761 contrahendis
1294 2715 1376 2761 ex
1406 2677 1761 2764 civitatibus
1805 2688 1994 2765 sociis
2025 2685 2472 2793 Hispanorum

418 2794 710 2877 auxiliiS‚
749 2788 1241 2893 reficiendisque
1268 2793 1361 2865 ab
1379 2797 1629 2867 terrore
1658 2792 1958 2868 adversae
2000 2822 2261 2896 pugnae
2303 2796 2474 2867 mili·

304 2967 309 2974 ,
352 2925 367 2954 x
404 2918 561 2996 ptum
593 2902 864 2980 animia,
918 2891 1428 2972 consumserunt.
1473 2899 1586 2971 ubi
1630 2896 1774 2972 satis
1818 2900 2121 2998 placuere
2171 2907 2365 2980 vires,
2405 2919 2468 2970 et

416 3010 550 3099 jam
587 3000 778 3078 miles
861 3025 1109 3097 noque,
1136 2998 1231 3090 ,ad
1276 2998 1626 3076 delendam
1667 3010 1963 3102 priorem
2004 3008 2472 3103 ignominiam,

416 3105 680 3180 hostem
717 3126 807 3201 po
837 3102 1052 3187 oebat3
1118 3098 1484 3178 duodecim
1539 3106 1779 3184 millia«
1805 3102 2102 3206 paffuum
2151 3109 2231 3180 ab
2273 3109 2473 3205 Tago

417 3205 702 3282 flumine
750 3197 1100 3304 posuerunt
1153 3203 1368 3280 eastra.
1447 3206 1609 3283 inde
1671 3218 1858 3283 tertia
1931 3211 2160 3309 vigilia
2221 3207 2474 3283 sublatis

415 3308 654 3411 figni3‚
698 3302 1011 3410 quadrato
1042 3315 1305 3407 agmine
1350 3319 1688 3412 principio
1726 3315 1889 3388 lucis
1927 3314 2007 3387 ad
2037 3318 2228 3414 Tagi
2269 3322 2476 3412 ripam

420 3431 874 3517 pervenerunt.
1001 3415 1218 3494 Trans
1271 3412 1557 3489 fluvium
1599 3425 1682 3490 in=
1707 3419 1885 3492 ,colle
1929 3416 2224 3490 hostium
2288 3417 2478 3489 castra
2533 3425 2536 3426 ⁷

420 3542 618 3593 erant.
657 3513 1037 3620 extemp10‚
1076 3543 1198 3618 qua
1227 3514 1479 3592 duobus
1516 3522 1679 3596 locis
1722 3520 1881 3595 vada
1926 3520 2210 3594 nudabat
2247 3528 2480 3604 amnis,

423 3622 684 3698 dextera
713 3641 890 3722 parte
915 3619 1341 3718 Calpurniae,
1382 3623 1563 3696 laeva
1590 3628 1941 3725 Qintstius
1971 3632 2335 3698 exercitum
2365 3645 2479 3696 tra-

425 3725 748 3801 duxeruut
764 3753 785 3812 3
850 3729 1074 3823 quieto
1115 3723 1337 3810 hoste,
1397 3724 1562 3802 dum
1600 3736 1874 3801 miratur
1912 3724 2196 3802 subitum
2245 3724 2482 3800 adven·
2562 3752 2565 3755 ’

423 3852 601 3916 tum,
641 3825 1115 3927 consultatque,
1160 3835 1273 3927 qui
1305 3830 1659 3903 tumultum
1704 3839 1971 3926 injicere
2012 3830 2480 3930 trepidantibus

423 3944 500 4011 in
543 3932 701 4035 ipso·
730 3925 991 4007 traufitu
1032 3937 1246 4002 amnis
1282 3930 1599 4030 potuisset.
1700 3940 1974 4028 Interim
2018 3940 2346 4018 Romani,
2385 3941 2484 4005 in·

424 4038 823 4141 pedimentis
842 4124 848 4127 Α
868 4058 1133 4137 quoque
1174 4039 1487 4125 omnibus
1540 4035 1844 4117 tradustis
1892 4035 2367 4139 commatisque
2411 4044 2480 4110 in

2269 4167 2477 4224 unum
