2732 4671
723 188 1211 266 t1n.xxv*1
1330 214 1889 269 car.xxx1x
2121 178 2124 181 ¹
2221 191 2343 291 ‘49

238 383 325 461 do
342 439 366 472 ‚
416 377 912 483 docendoque,
961 407 1173 485 quam‘
1195 409 1272 454 ea
1314 409 1416 455 res
1450 376 1603 482 ipsss
1639 372 2009 486 patriaeque
2050 379 2339 467 salutaris

241 488 429 575 ess‘et,
476 493 801 588 pervicit,
841 507 911 558 ut
938 484 1334 585 praesidium
1361 492 1688 561 Punicum
1718 491 2082 590 (quingenti
2109 513 2333 568 autem

238 592 578 672 Numidae
623 597 835 684 erant)
878 590 1257 691 Salapiaque
1299 589 1657 664 traderetur
1701 595 2051 667 Marcello.
2185 602 2250 669 N
2254 622 2331 671 ee

238 698 384 773 stne
429 693 629 777 caede
672 695 883 767 multa
922 693 1087 767 tradi
1128 701 1363 793 potuit.
1425 696 1644 796 longe
1672 692 2005 770 fortiffimi
2037 694 2331 800 equitum

246 824 399 876 toto
428 807 684 874 Punico
713 802 1003 871 exercitu
1043 818 1241 869 erant.
1344 805 1604 900 Itaque,
1659 828 2059 902 quamquam
2104 810 2326 903 inpro-

250 903 397 979 visa
425 931 522 976 res
549 899 711 989 fuit,
764 930 889 975 nec
930 897 1075 975 usus
1106 928 1438 1003 equorum
1466 912 1539 980 in
1567 906 1727 976 urbe
1763 926 1918 989 erat,
1952 926 2196 992 tamen,
2238 936 2334 981 ar·

257 1018 391 1085 mis
431 1014 599 1080 inter
649 1006 1013 1080 tumultum
1067 1013 1299 1106 captis,
1351 1027 1416 1080 et
1459 1016 1880 1108 eruptionem
1908 1030 2333 1096 tentaverunt,

254 1135 354 1200 et,
402 1139 613 1215 quum
650 1107 929 1199 evadere
972 1117 1344 1211 nequirent,
1382 1122 1747 1211 pugnantes
1771 1112 1854 1186 ad
1882 1113 2199 1185 ultimum
2228 1115 2342 1185 ob·
2415 1194 2444 1203 ,‚

255 1220 640 1292 cubuerunt.
690 1243 817 1287 nec
862 1213 1009 1312 plus
1060 1220 1532 1315 quinquaginta
1573 1244 1650 1288 ex
1689 1221 1792 1289 his
1831 1225 1903 1289 in
1945 1216 2340 1316 potestatem
2437 1268 2458 1276 --

252 1322 561 1397 hostium
591 1325 714 1391 vivi
745 1337 1080 1390 venerunt.
1125 1315 1400 1419 plusque
1427 1318 1762 1421 aliquanto
1797 1318 2024 1393 damni
2052 1320 2341 1403 haecala
2441 1313 2448 1319 ’

260 1432 567 1527 equitum
594 1418 824 1494 amissa
845 1423 1246 1508 Hannibali,
1289 1450 1486 1523 quam
1517 1424 1802 1523 Salapia,
1850 1420 2010 1497 fuit:
2062 1452 2187 1498 nec
2232 1422 2339 1495 de-

177 1553 184 1563 ’
254 1527 418 1603 inde
459 1554 578 1599 um
628 1554 784 1597 uam
831 1530 1090 1598 Poenus
1135 1528 1297 1627 (quo
1337 1525 1543 1628 longe
1605 1527 1974 1631 plurimum
2029 1529 2338 1626 valuerat)

256 1641 548 1737 equitatu
609 1637 875 1728 uperior
903 1624 1045 1700 fuit.
1587 1656 1588 1667 ¹

409 1737 706 1810 XXXIX.
748 1738 869 1804 Per
894 1730 1074 1805 idem
1105 1752 1401 1832 tempus,
1446 1762 1654 1835 quum
1681 1741 1754 1808 in
1792 1762 1937 1809 arce
1978 1738 2344 1829 Tarentina
2431 1812 2440 1827 ,

261 1847 368 1913 vix
411 1844 652 1938 inopia
711 1836 1065 1909 tolerabilis
1110 1831 1298 1922 esset,
1364 1833 1552 1936 spem
1595 1866 1874 1912 omnem
1916 1836 2336 1939 praefidium,

265 1940 449 2045 quod
490 1945 585 2015 ibi
622 1960 823 2045 erat„
853 1944 1239 2031 Romanum
1277 1937 1767 2043 praefectusque
1807 1940 2106 2043 praesidii
2151 1963 2345 2044 atque

274 2054 433 2119 arcis
473 2050 580 2122 M.
625 2051 855 2118 Bivius
898 2051 971 2116 in
1020 2046 1496 2134 commeatibus
1537 2048 1617 2120 ab
1661 2049 1887 2120 Sicilia
1917 2045 2121 2121 miffis
2154 2050 2378 2120 habe-t

283 2151 453 2223 bant.
504 2156 611 2250 qui
652 2171 721 2222 ut
779 2168 917 2220 tuto
945 2153 1592 2247 praeterveherentur
1619 2176 1806 2223 oram
1837 2151 2094 2235 Italiae,
2125 2148 2345 2229 celastis

277 2261 509 2356 viginti
532 2249 747 2326 ferme
774 2259 1042 2348 navium
1067 2256 1313 2353 Rhegii
1340 2252 1555 2324 stabat.
1654 2259 1950 2326 Praeerat
1977 2253 2147 2326 ciaffi
2165 2264 2376 2326 com-'

274 2356 713 2459 mentibusque
754 2361 840 2429 D.
891 2358 1271 2440 Quinc‘tius,
1323 2352 1604 2427 obscuro
1650 2382 1889 2453 genere
1921 2376 2135 2441 ortus,
2184 2376 2350 2430 cete-

279 2491 439 2535 rum
467 2463 686 2534 multis
714 2454 996 2533 fortibus
1024 2455 1213 2531 fastis
1241 2457 1457 2557 gloria
1498 2457 1768 2529 militari
1817 2457 2118 2530 inlustris.
2219 2464 2355 2531 Pri·
2377 2543 2392 2558 l

280 2594 406 2640 mo
456 2572 739 2668 quinque
773 2591 1006 2648 naves,
1080 2589 1356 2664 quarum
1403 2566 1733 2634 maximae
1774 2559 1939 2634 duae
1982 2569 2275 2636 triremes
2314 2590 2355 2634 a

269 2669 608 2746 Marcello
649 2676 707 2741 ei
745 2664 1011 2740 traditae
1036 2688 1264 2760 ,ei-ant,
1328 2668 1586 2740 habuit:
1639 2664 1862 2763 postea
1902 2691 2049 2738 rem
2089 2671 2358 2764 inpigre

266 2770 458 2878 saepe
503 2779 762 2874 gerenti
805 2792 930 2844 tres
972 2765 1222 2860 additae
1254 2774 1792 2870 quinqueremes:
1838 2769 2173 2868 postremo
2220 2763 2361 2869 ipse

266 2910 306 2954 a
342 2878 548 2954 sociis
569 2932 593 2962 ,
634 2869 1118 2976 Rbeginisque‘,
1185 2892 1249 2945 et
1291 2901 1328 2945 a
1369 2872 1598 2956 Velia,
1643 2893 1706 2944 et
1733 2900 1772 2944 a
1793 2873 2057 2957 Paest0,
2106 2871 2354 2948 debitas

270 3013 363 3059 ex.
382 2979 672 3058 foedere
703 2975 1070 3079 exigendo,
1118 2971 1379 3050 classem
1415 2981 1643 3076 viginti
1675 2983 1984 3062 navium,
2024 2970 2184 3058 ficut
2210 2996 2360 3049 ante

258 3088 545 3178 ‚dietum
587 3083 717 3168 est,
767 3078 1010 3172 effecit.
1154 3084 1339 3152 Huic
1380 3080 1459 3152 ab
1504 3083 1767 3179 Rhegio
1815 3074 2152 3182 profectae
2182 3075 2361 3152 clasii

270 3197 752 3274 Democrates,
788 3199 946 3260 cum
973 3191 1110 3285 pari
1145 3178 1334 3257 claffe
1374 3188 1644 3256 navium
1686 3184 2203 3256 Tarentinarum
2242 3208 2363 3256 nu·
2471 3219 2472 3222 ¹

273 3319 527 3378 meru,
558 3305 559 3308 ’
620 3285 961 3366 uindecim
1002 3287 1214 3361 millia
1253 3282 1469 3359 ferme
1508 3283 1588 3357 ab
1628 3286 1787 3357 urbe
1811 3281 1893 3359 ad
1918 3291 2367 3385 Sacriportum

278 3402 533 3475 obvius
574 3319 632 3467 ²1

280 3511 489 3577 minis
504 3557 529 3587 ,
572 3502 917 3572 Romanus
944 3496 1257 3572 veniebat.
1304 3489 1414 3567 sed
1444 3499 1617 3565 circa
1635 3495 2003 3565 Crotonem
2031 3489 2367 3585 Sybarim·

293 3633 412 3706 que
451 3601 865 3704 suppleverat
906 3606 1190 3699 remigio
1233 3625 1460 3683 naveS,
1517 3592 1898 3669 instructam
1945 3619 2027 3668 ue
2069 3615 2135 3668 et
2155 3623 2370 3668 arma·

238 3779 239 3782 ,
298 3729 431 3781 tam
469 3713 739 3810 egregie
828 3709 904 3778 ro
950 3697 1401 3804 magnitudine
1445 3706 1719 3774 navium
1765 3695 1862 3773 cla
1914 3728 2026 3772 em
2054 3700 2370 3775 habebat:

297 3830 372 3884 et
403 3835 536 3884 tum
560 3805 741 3884 fo'rte
766 3735 883 3882 Kib
911 3803 1096 3881 idem
1122 3802 1259 3879 fere
1289 3828 1422 3878 tem
1473 3832 1544 3876 us
1568 3821 1630 3877 et
1657 3808 1833 3879 venti
1865 3810 1962 3877 vis
1983 3801 2226 3875 'omnis
2274 3821 2374 3873 ce-

287 3912 499 3998 cidit,
530 3936 588 3986 et
626 3912 850 3989 hostes
889 3920 963 3986 in
1006 3907 1394 4011 conspeetu‘
1435 3931 1624 3994 uere,
1670 3929 1742 3981 ut
1778 3903 1862 3981 ad
1906 3896 2377 4003 componenda

284 4041 701 4095 annmnenta
715 4070 743 4103 ,
798 4013 1413 4123 expediendumque
1455 4017 1783 4109 remigem
1839 4037 1918 4086 ae
1952 4007 2241 4088 militem
2295 4003 2381 4082 ad

400 4137 481 4208 7:
516 4136 649 4207 [λυ.
664 4137 747 4205 Ρ.
780 4135 865 4204 Π
972 4207 979 4215 ,
1074 4193 1077 4196 ,
1582 4119 1649 4192 D
1795 4231 1798 4240 Ι
2001 4141 2009 4149 ·
2176 4117 2380 4200 imni.

631 3402 724 3468 tit.
830 3385 833 3390 θ
866 3392 1047 3468 Velis
1091 3412 1233 3464 tum
1264 3384 1474 3474 forte,
1522 3386 1908 3488 inprovidus
1931 3384 2136 3461 futuri
2164 3397 2380 3460 certa-⁷
2427 3403 2432 3410 ”
2531 3409 2534 3414 ’
